,timestamp,bid,ask
0,1501614462,2742.741,2744.987
1,1501614463,2742.741,2747.683
2,1501614464,2744.99,2747.683
3,1501614469,2748.7290000000007,2748.7290000000007
4,1501614469,2744.99,2748.7290000000007
5,1501614487,2744.99,2747.591
6,1501614487,2747.474,2747.591
7,1501614508,2747.474,2747.59
8,1501614547,2747.475,2747.59
9,1501614560,2747.59,2747.59
10,1501614560,2747.59,2748.7290000000007
11,1501614560,2747.475,2747.563
12,1501614565,2747.475,2747.562
13,1501614600,2747.475,2748.7290000000007
14,1501614600,2747.59,2748.7290000000007
15,1501614612,2747.591,2748.7290000000007
16,1501614613,2747.591,2748.72
17,1501614615,2747.591,2747.796
18,1501614628,2747.59,2747.796
19,1501614631,2747.796,2747.796
20,1501614634,2747.59,2747.796
21,1501614637,2747.796,2747.796
22,1501614641,2747.59,2747.796
23,1501614654,2747.796,2747.796
24,1501614659,2747.59,2747.796
25,1501614662,2747.796,2747.796
26,1501614665,2747.59,2747.796
27,1501614669,2747.59,2747.795
28,1501614685,2747.796,2747.796
29,1501614689,2747.591,2747.796
30,1501614692,2747.591,2747.794000000001
31,1501614692,2747.591,2747.591
32,1501614695,2747.591,2747.794000000001
33,1501614728,2747.591,2747.591
34,1501614729,2747.591,2747.793
35,1501614729,2747.591,2747.7929999999997
36,1501614730,2747.591,2747.794000000001
37,1501614740,2747.794000000001,2747.794000000001
38,1501614742,2747.591,2747.794000000001
39,1501614747,2747.591,2747.793
40,1501614747,2747.591,2747.7929999999997
41,1501614761,2747.591,2747.794000000001
42,1501614764,2747.591,2747.7929999999997
43,1501614764,2747.591,2747.793
44,1501614767,2747.475,2747.793
45,1501614767,2745.1020000000008,2747.7929999999997
46,1501614767,2747.59,2747.793
47,1501614767,2747.59,2747.7929999999997
48,1501614767,2745.1020000000008,2747.793
49,1501614767,2747.475,2747.7929999999997
50,1501614767,2747.476,2747.793
51,1501614767,2745.1020000000008,2746.735
52,1501614767,2747.4759999999997,2747.7929999999997
53,1501614772,2747.794000000001,2747.794000000001
54,1501614772,2745.1020000000008,2747.7929999999997
55,1501614772,2745.1020000000008,2747.793
56,1501614772,2745.1020000000008,2747.794000000001
57,1501614774,2745.1020000000008,2747.793
58,1501614774,2745.1020000000008,2747.7929999999997
59,1501614782,2747.591,2747.7929999999997
60,1501614782,2747.591,2747.793
61,1501614782,2747.591064453125,2747.79296875
62,1501614789,2745.1020000000008,2747.794000000001
63,1501614789,2747.591,2747.794000000001
64,1501614789,2745.10205078125,2747.7939453125
65,1501614794,2744.987060546875,2747.7939453125
66,1501614794,2744.990966796875,2747.7939453125
67,1501614794,2744.991943359375,2747.7939453125
68,1501614794,2744.987,2747.794000000001
69,1501614794,2744.989,2747.794000000001
70,1501614794,2744.989013671875,2747.7939453125
71,1501614794,2744.991,2747.794000000001
72,1501614794,2744.992,2747.794000000001
73,1501614796,2744.987060546875,2747.7919921875
74,1501614796,2744.987,2747.792
75,1501614800,2744.987060546875,2746.73388671875
76,1501614800,2744.987,2746.734000000001
77,1501614800,2744.0,2746.73388671875
78,1501614800,2744.0,2746.734000000001
79,1501614806,2745.10693359375,2746.73388671875
80,1501614806,2745.107,2746.734000000001
81,1501614810,2745.107,2745.153
82,1501614810,2745.10693359375,2745.153076171875
83,1501614828,2745.107,2747.591
84,1501614828,2746.73388671875,2747.7919921875
85,1501614828,2745.107,2747.792
86,1501614828,2745.10693359375,2747.7919921875
87,1501614828,2745.10693359375,2747.591064453125
88,1501614828,2745.107,2746.734000000001
89,1501614828,2745.10693359375,2746.73388671875
90,1501614828,2746.734000000001,2747.792
91,1501614829,2746.734000000001,2747.7909999999997
92,1501614829,2746.734000000001,2747.791
93,1501614829,2746.73388671875,2747.791015625
94,1501614834,2745.107,2747.791
95,1501614834,2745.10693359375,2747.791015625
96,1501614834,2745.107,2747.7909999999997
97,1501614840,2745.107,2747.7929999999997
98,1501614840,2745.10693359375,2747.79296875
99,1501614840,2745.107,2747.793
100,1501614840,2745.10693359375,2747.791015625
101,1501614840,2745.107,2747.7909999999997
102,1501614840,2745.107,2747.791
103,1501614841,2745.10693359375,2747.590087890625
104,1501614841,2745.107,2747.59
105,1501614845,2745.107,2747.793
106,1501614845,2745.10693359375,2747.791015625
107,1501614845,2745.10693359375,2747.79296875
108,1501614845,2745.107,2747.794000000001
109,1501614845,2745.107,2747.7929999999997
110,1501614845,2747.794000000001,2747.794000000001
111,1501614845,2747.7939453125,2747.7939453125
112,1501614845,2745.107,2747.791
113,1501614845,2745.10693359375,2747.7939453125
114,1501614845,2745.107,2747.7909999999997
115,1501614852,2747.7939453125,2747.7939453125
116,1501614852,2747.794000000001,2747.794000000001
117,1501614857,2745.107,2747.794000000001
118,1501614857,2745.10693359375,2747.7939453125
119,1501614860,2747.794000000001,2747.794000000001
120,1501614860,2747.7939453125,2747.7939453125
121,1501614863,2745.107,2747.794000000001
122,1501614863,2745.10693359375,2747.7939453125
123,1501614871,2745.107,2745.107
124,1501614871,2745.10693359375,2745.10693359375
125,1501614879,2744.0009765625,2745.10693359375
126,1501614879,2744.0009999999997,2745.107
127,1501614879,2744.001,2745.107
128,1501614893,2744.0009765625,2747.7939453125
129,1501614893,2744.001,2747.79
130,1501614893,2744.0009765625,2747.7900390625
131,1501614893,2744.0009999999997,2747.79
132,1501614893,2744.0009999999997,2747.794000000001
133,1501614893,2744.001,2747.794000000001
134,1501614894,2744.001,2747.793
135,1501614894,2744.0009765625,2747.79296875
136,1501614894,2744.0009999999997,2747.7929999999997
137,1501614895,2744.0009999999997,2747.7909999999997
138,1501614895,2744.001,2747.791
139,1501614895,2744.0009765625,2747.791015625
140,1501614906,2744.0009999999997,2747.794000000001
141,1501614906,2744.0009999999997,2747.7929999999997
142,1501614906,2744.0009765625,2747.7939453125
143,1501614906,2744.001,2747.793
144,1501614906,2744.001,2747.794000000001
145,1501614906,2744.0009765625,2747.79296875
146,1501614917,2747.7939453125,2747.7939453125
147,1501614917,2747.794000000001,2747.794000000001
148,1501614923,2744.001,2747.794000000001
149,1501614923,2744.0009765625,2747.7939453125
150,1501614923,2744.0009999999997,2747.794000000001
151,1501614928,2744.001,2744.001
152,1501614928,2744.0009765625,2744.0009765625
153,1501614928,2744.0009999999997,2744.0009999999997
154,1501614930,2744.0,2744.001
155,1501614930,2744.0,2744.0009999999997
156,1501614930,2744.0,2744.0009765625
157,1501614936,2747.7939453125,2747.7939453125
158,1501614936,2744.0,2747.794000000001
159,1501614936,2744.0,2747.7939453125
160,1501614936,2747.794000000001,2747.794000000001
161,1501614942,2747.794000000001,2747.794000000001
162,1501614942,2747.7939453125,2747.7939453125
163,1501614943,2744.0,2747.794000000001
164,1501614943,2744.0,2747.7939453125
165,1501614959,2747.7939453125,2747.7939453125
166,1501614959,2747.794000000001,2747.794000000001
167,1501614984,2744.0009765625,2747.7939453125
168,1501614984,2744.0009999999997,2747.794000000001
169,1501614984,2744.001,2747.794000000001
170,1501614990,2744.0,2747.794000000001
171,1501614990,2744.0,2747.79296875
172,1501614990,2744.0,2747.7929999999997
173,1501614990,2744.0,2747.793
174,1501614990,2744.0,2747.7939453125
175,1501614993,2745.10791015625,2747.79296875
176,1501614993,2745.1079999999997,2747.7929999999997
177,1501614993,2745.108,2747.793
178,1501614995,2745.1079999999997,2747.794000000001
179,1501614995,2745.108,2747.794000000001
180,1501614995,2745.10791015625,2747.7939453125
181,1501615011,2745.10791015625,2747.39111328125
182,1501615011,2745.1079999999997,2747.3909999999996
183,1501615011,2745.108,2747.391
184,1501615014,2745.10791015625,2747.7939453125
185,1501615014,2745.108,2747.794000000001
186,1501615014,2745.1079999999997,2747.794000000001
187,1501615015,2745.108,2747.794000000001
188,1501615023,2745.108,2747.793
189,1501615023,2745.10791015625,2747.79296875
190,1501615023,2745.1079999999997,2747.7929999999997
191,1501615026,2747.794000000001,2747.794000000001
192,1501615026,2747.7939453125,2747.7939453125
193,1501615026,2745.10791015625,2747.7939453125
194,1501615026,2745.108,2747.794000000001
195,1501615026,2745.1079999999997,2747.794000000001
196,1501615032,2745.10791015625,2747.794921875
197,1501615032,2745.10791015625,2748.7119140625
198,1501615032,2745.1079999999997,2747.795
199,1501615032,2745.10791015625,2748.718994140625
200,1501615032,2745.108,2747.796
201,1501615032,2745.10791015625,2747.7958984375
202,1501615032,2745.108,2748.712
203,1501615032,2745.108,2747.795
204,1501615032,2745.1079999999997,2748.712
205,1501615032,2745.1079999999997,2747.796
206,1501615032,2745.108,2748.719
207,1501615032,2745.1079999999997,2748.719
208,1501615044,2745.1079999999997,2748.763
209,1501615044,2745.108,2748.763
210,1501615044,2745.10791015625,2748.762939453125
211,1501615049,2745.10791015625,2749.173095703125
212,1501615049,2745.10791015625,2749.970947265625
213,1501615049,2749.970947265625,2749.970947265625
214,1501615049,2745.1079999999997,2749.9709999999995
215,1501615049,2749.9709999999995,2749.9709999999995
216,1501615049,2745.108,2749.173
217,1501615049,2745.10791015625,2749.968994140625
218,1501615049,2745.1079999999997,2749.173
219,1501615049,2745.108,2749.9709999999995
220,1501615050,2745.108,2749.969
221,1501615050,2745.10791015625,2749.968994140625
222,1501615050,2745.1079999999997,2749.969
223,1501615055,2745.108,2749.97
224,1501615055,2745.1079999999997,2749.97
225,1501615055,2745.10791015625,2749.969970703125
226,1501615059,2742.208984375,2749.969970703125
227,1501615059,2745.0,2749.969970703125
228,1501615059,2744.0,2749.97
229,1501615059,2745.0,2749.97
230,1501615059,2742.2090000000007,2749.97
231,1501615059,2744.0,2749.969970703125
232,1501615059,2742.741,2749.97
233,1501615059,2742.740966796875,2749.969970703125
234,1501615061,2742.2090000000007,2744.001
235,1501615061,2742.208984375,2744.0009765625
236,1501615061,2742.2090000000007,2744.0009999999997
237,1501615066,2738.905029296875,2744.0009765625
238,1501615066,2738.905,2744.0009999999997
239,1501615066,2738.902099609375,2744.0009765625
240,1501615066,2738.9,2744.001
241,1501615066,2738.902,2744.0009999999997
242,1501615066,2741.2859999999996,2744.0009999999997
243,1501615066,2738.9,2744.0009999999997
244,1501615066,2738.89990234375,2744.0009765625
245,1501615066,2738.905,2744.001
246,1501615066,2741.286,2744.001
247,1501615066,2738.902,2744.001
248,1501615066,2741.285888671875,2744.0009765625
249,1501615071,2738.9,2749.9709999999995
250,1501615071,2738.89990234375,2749.969970703125
251,1501615071,2738.9,2749.97
252,1501615071,2738.89990234375,2749.970947265625
253,1501615071,2749.970947265625,2749.970947265625
254,1501615071,2738.89990234375,2747.7939453125
255,1501615071,2738.9,2747.794000000001
256,1501615071,2749.9709999999995,2749.9709999999995
257,1501615078,2738.89990234375,2745.0
258,1501615078,2738.9,2745.0
259,1501615081,2738.906,2745.0
260,1501615081,2738.906005859375,2745.0
261,1501615082,2738.906005859375,2749.970947265625
262,1501615082,2749.9709999999995,2749.9709999999995
263,1501615082,2749.970947265625,2749.970947265625
264,1501615088,2749.969,2749.9709999999995
265,1501615088,2749.970947265625,2749.970947265625
266,1501615088,2749.968994140625,2749.970947265625
267,1501615103,2745.108,2749.9709999999995
268,1501615103,2745.10791015625,2749.970947265625
269,1501615103,2745.1079999999997,2749.9709999999995
270,1501615105,2745.001,2749.9709999999995
271,1501615105,2745.0009999999997,2749.9709999999995
272,1501615105,2745.001,2749.97
273,1501615105,2745.0009765625,2749.969970703125
274,1501615105,2745.0009765625,2749.970947265625
275,1501615105,2745.0009999999997,2749.97
276,1501615108,2745.108,2749.97
277,1501615108,2745.1079999999997,2749.97
278,1501615108,2745.10791015625,2749.969970703125
279,1501615114,2745.2,2749.97
280,1501615114,2745.199951171875,2749.969970703125
281,1501615127,2745.2,2747.8979999999997
282,1501615127,2745.199951171875,2747.89794921875
283,1501615127,2745.2,2747.898
284,1501615129,2745.199951171875,2748.718994140625
285,1501615129,2745.2,2748.719
286,1501615131,2745.1079999999997,2748.719
287,1501615131,2745.10791015625,2748.718994140625
288,1501615131,2745.108,2748.719
289,1501615133,2745.201,2748.719
290,1501615133,2745.2009999999996,2748.719
291,1501615133,2745.200927734375,2748.718994140625
292,1501615150,2745.109000000001,2748.719
293,1501615150,2739.0,2748.719
294,1501615150,2739.0,2748.718994140625
295,1501615150,2745.10888671875,2748.718994140625
296,1501615152,2739.001,2748.719
297,1501615154,2739.001,2748.719
298,1501615154,2739.0009765625,2748.718994140625
299,1501615154,2739.0009999999997,2748.719
300,1501615156,2745.201,2748.719
301,1501615156,2745.2009999999996,2748.719
302,1501615156,2745.200927734375,2748.718994140625
303,1501615167,2744.0,2748.718994140625
304,1501615167,2744.0,2748.719
305,1501615171,2745.2,2748.719
306,1501615171,2745.199951171875,2748.718994140625
307,1501615181,2745.200927734375,2748.718994140625
308,1501615181,2745.2009999999996,2747.591
309,1501615181,2745.201,2747.591
310,1501615181,2745.2009999999996,2748.719
311,1501615181,2745.200927734375,2747.591064453125
312,1501615181,2745.201,2748.719
313,1501615189,2745.717041015625,2748.718017578125
314,1501615189,2745.717,2748.718
315,1501615190,2745.717,2748.719
316,1501615190,2745.717041015625,2748.718994140625
317,1501615209,2745.717041015625,2748.714111328125
318,1501615209,2745.717,2748.7140000000004
319,1501615216,2745.717041015625,2747.590087890625
320,1501615216,2745.717,2747.59
321,1501615228,2745.717,2748.7140000000004
322,1501615228,2745.717041015625,2748.714111328125
323,1501615234,2745.717,2745.717
324,1501615234,2745.717041015625,2745.717041015625
325,1501615234,2745.717041015625,2748.714111328125
326,1501615234,2745.717,2748.7140000000004
327,1501615240,2748.719,2748.719
328,1501615240,2745.717041015625,2748.718994140625
329,1501615240,2748.718994140625,2748.718994140625
330,1501615240,2745.717,2748.719
331,1501615243,2745.717,2747.5890000000004
332,1501615243,2745.717041015625,2747.589111328125
333,1501615245,2745.2,2745.2
334,1501615245,2745.199951171875,2745.199951171875
335,1501615245,2745.2,2747.5890000000004
336,1501615245,2745.199951171875,2747.589111328125
337,1501615246,2740.0290000000005,2747.5890000000004
338,1501615246,2740.029052734375,2747.589111328125
339,1501615254,2740.0290000000005,2745.2
340,1501615254,2740.029052734375,2745.199951171875
341,1501615255,2740.03,2745.2
342,1501615255,2740.030029296875,2745.199951171875
343,1501615268,2740.030029296875,2747.589111328125
344,1501615268,2740.03,2747.5890000000004
345,1501615268,2740.030029296875,2745.717041015625
346,1501615268,2740.03,2745.717
347,1501615276,2745.2,2747.5890000000004
348,1501615276,2745.199951171875,2747.589111328125
349,1501615280,2745.199951171875,2745.717041015625
350,1501615280,2745.2,2745.717
351,1501615299,2748.719,2748.719
352,1501615299,2748.714111328125,2748.718994140625
353,1501615299,2745.199951171875,2747.589111328125
354,1501615299,2745.2,2747.5890000000004
355,1501615299,2748.7140000000004,2748.718
356,1501615299,2748.714111328125,2748.718017578125
357,1501615299,2748.7140000000004,2748.719
358,1501615299,2748.718994140625,2748.718994140625
359,1501615314,2748.7140000000004,2748.718
360,1501615314,2748.714111328125,2748.718017578125
361,1501615317,2745.199951171875,2748.718017578125
362,1501615317,2745.2,2748.718
363,1501615317,2740.031,2748.718
364,1501615317,2740.037109375,2748.718017578125
365,1501615317,2740.031005859375,2748.718017578125
366,1501615317,2740.0370000000007,2748.718
367,1501615318,2740.030029296875,2748.718017578125
368,1501615318,2740.03,2748.718
369,1501615319,2740.03,2748.7140000000004
370,1501615319,2740.030029296875,2748.714111328125
371,1501615320,2745.2,2748.7140000000004
372,1501615320,2745.199951171875,2748.714111328125
373,1501615321,2745.199951171875,2745.199951171875
374,1501615321,2745.2,2745.2
375,1501615323,2745.199951171875,2748.714111328125
376,1501615323,2740.03,2748.7140000000004
377,1501615323,2740.030029296875,2748.714111328125
378,1501615323,2745.2,2748.7140000000004
379,1501615325,2740.03,2748.7129999999997
380,1501615325,2740.030029296875,2748.712890625
381,1501615325,2740.03,2748.713
382,1501615328,2740.0370000000007,2748.7129999999997
383,1501615328,2740.037109375,2748.712890625
384,1501615328,2740.0370000000007,2748.713
385,1501615331,2740.0370000000007,2745.716
386,1501615331,2740.037109375,2745.716064453125
387,1501615332,2745.199951171875,2745.199951171875
388,1501615332,2745.2,2745.2
389,1501615332,2745.199951171875,2745.716064453125
390,1501615332,2745.2,2745.716
391,1501615334,2740.0370000000007,2745.2
392,1501615334,2740.03,2745.2
393,1501615334,2740.037109375,2745.199951171875
394,1501615334,2740.030029296875,2745.199951171875
395,1501615342,2745.199951171875,2745.199951171875
396,1501615342,2745.2,2745.2
397,1501615345,2742.759,2745.2
398,1501615345,2742.759033203125,2745.199951171875
399,1501615351,2742.759033203125,2748.714111328125
400,1501615351,2742.759,2748.7140000000004
401,1501615351,2742.759033203125,2745.716064453125
402,1501615351,2742.759,2745.716
403,1501615355,2742.759,2748.712
404,1501615355,2745.199951171875,2748.7119140625
405,1501615355,2742.759033203125,2748.7119140625
406,1501615355,2745.2,2748.712
407,1501615359,2745.2,2745.2
408,1501615359,2745.199951171875,2745.199951171875
409,1501615362,2745.2,2748.712
410,1501615362,2745.199951171875,2748.7119140625
411,1501615367,2748.7140000000004,2748.7140000000004
412,1501615367,2745.199951171875,2748.714111328125
413,1501615367,2745.2,2748.7140000000004
414,1501615367,2748.712,2748.712
415,1501615367,2748.7119140625,2748.7119140625
416,1501615367,2748.714111328125,2748.714111328125
417,1501615371,2748.714111328125,2748.714111328125
418,1501615371,2748.7140000000004,2748.7140000000004
419,1501615374,2748.714111328125,2748.718994140625
420,1501615374,2748.7140000000004,2748.719
421,1501615374,2748.7140000000004,2748.717
422,1501615374,2748.714111328125,2748.717041015625
423,1501615409,2748.7140000000004,2748.7140000000004
424,1501615409,2748.714111328125,2748.714111328125
425,1501615411,2748.714111328125,2748.718994140625
426,1501615411,2748.7140000000004,2748.99
427,1501615411,2748.714111328125,2748.989990234375
428,1501615411,2748.7140000000004,2748.719
429,1501615413,2748.719,2748.99
430,1501615413,2748.718994140625,2748.989990234375
431,1501615424,2748.718994140625,2748.989013671875
432,1501615424,2748.719,2748.989
433,1501615428,2748.718994140625,2748.989990234375
434,1501615428,2748.719,2748.99
435,1501615448,2748.718994140625,2748.718994140625
436,1501615448,2748.719,2748.719
437,1501615452,2748.719,2748.99
438,1501615452,2748.718994140625,2748.989990234375
439,1501615458,2749.0,2749.0
440,1501615458,2748.719,2749.0
441,1501615458,2748.718994140625,2749.0
442,1501615460,2748.718994140625,2748.718994140625
443,1501615460,2748.719,2748.719
444,1501615464,2748.718994140625,2748.989013671875
445,1501615479,2748.718994140625,2748.718994140625
446,1501615482,2748.718994140625,2748.9990234375
447,1501615482,2749.0,2749.0
448,1501615482,2748.718994140625,2748.989013671875
449,1501615482,2748.718994140625,2749.0
450,1501615483,2748.718994140625,2749.0
451,1501615485,2748.989013671875,2749.0
452,1501615493,2749.0,2749.0
453,1501615495,2748.989013671875,2749.0
454,1501615499,2749.0,2749.0
455,1501615502,2748.989013671875,2749.0
456,1501615509,2749.0,2749.0
457,1501615520,2748.989990234375,2749.0
458,1501615522,2749.0,2749.0
459,1501615525,2748.989990234375,2749.0
460,1501615526,2749.0,2749.0
461,1501615526,2748.989990234375,2749.0
462,1501615529,2749.0,2749.0
463,1501615531,2748.989990234375,2749.0
464,1501615537,2749.0,2749.0
465,1501615538,2748.989990234375,2749.0
466,1501615543,2745.2470703125,2749.0
467,1501615543,2748.714111328125,2749.0
468,1501615543,2748.989013671875,2749.0
469,1501615548,2749.0,2749.0
470,1501615548,2748.989013671875,2749.0
471,1501615551,2749.0,2749.0
472,1501615554,2748.989013671875,2749.0
473,1501615555,2748.9990234375,2748.9990234375
474,1501615555,2748.989990234375,2749.0
475,1501615555,2748.989990234375,2748.9990234375
476,1501615559,2749.0,2749.0
477,1501615559,2748.9990234375,2749.0
478,1501615567,2749.0,2749.0
479,1501615568,2748.9990234375,2749.0
480,1501615570,2748.989013671875,2749.0
481,1501615570,2749.0,2749.0
482,1501615574,2748.989013671875,2749.0
483,1501615576,2749.0,2749.0
484,1501615580,2749.0,2749.205078125
485,1501615613,2749.205078125,2749.205078125
486,1501615634,2749.27490234375,2749.89990234375
487,1501615644,2749.89990234375,2749.89990234375
488,1501615644,2749.27490234375,2749.89990234375
489,1501615645,2749.27490234375,2749.9990234375
490,1501615645,2749.27490234375,2749.89990234375
491,1501615645,2750.0,2750.0
492,1501615645,2749.27490234375,2750.0
493,1501615645,2749.27490234375,2749.9970703125
494,1501615645,2749.27490234375,2749.97509765625
495,1501615648,2749.205078125,2750.0
496,1501615649,2749.205078125,2749.97412109375
497,1501615652,2749.0009765625,2749.97412109375
498,1501615652,2749.2041015625,2749.97412109375
499,1501615652,2749.0,2749.97412109375
500,1501615656,2749.27490234375,2749.97412109375
501,1501615659,2749.89990234375,2749.97412109375
502,1501615661,2750.0,2750.0
503,1501615663,2749.89990234375,2750.0
504,1501615689,2750.0,2750.0
505,1501615689,2749.89990234375,2749.89990234375
506,1501615695,2750.0,2750.0
507,1501615695,2749.90087890625,2750.0
508,1501615695,2749.205078125,2750.0
509,1501615695,2749.001953125,2750.0
510,1501615695,2749.0009765625,2750.0
511,1501615695,2749.89990234375,2750.0
512,1501615695,2749.2060546875,2750.0
513,1501615702,2749.89990234375,2750.0
514,1501615710,2749.89990234375,2749.89990234375
515,1501615710,2749.2060546875,2750.0
516,1501615710,2749.0,2750.0
517,1501615710,2748.989013671875,2750.0
518,1501615710,2747.970947265625,2750.0
519,1501615710,2749.89990234375,2750.0
520,1501615710,2745.39990234375,2750.0
521,1501615717,2749.2060546875,2750.0
522,1501615727,2750.0,2750.0
523,1501615762,2749.2060546875,2750.0
524,1501615764,2750.0,2750.0
525,1501615768,2749.9990234375,2750.0
526,1501615771,2750.0,2750.0
527,1501615773,2750.0,2750.39990234375
528,1501615773,2750.0,2755.0
529,1501615773,2750.0,2750.39892578125
530,1501615777,2750.0,2755.0
531,1501615777,2750.0,2755.06103515625
532,1501615777,2750.0,2750.0
533,1501615784,2750.0,2758.803955078125
534,1501615784,2750.0,2758.0
535,1501615784,2750.0,2758.7939453125
536,1501615784,2758.802978515625,2758.803955078125
537,1501615794,2758.802978515625,2758.803955078125
538,1501615794,2758.803955078125,2758.803955078125
539,1501615801,2758.803955078125,2758.803955078125
540,1501615801,2758.803955078125,2759.89990234375
541,1501615813,2758.803955078125,2759.89892578125
542,1501615820,2758.803955078125,2759.89990234375
543,1501615830,2759.89990234375,2759.99609375
544,1501615830,2759.89990234375,2759.89990234375
545,1501615834,2758.803955078125,2759.99609375
546,1501615834,2758.803955078125,2758.803955078125
547,1501615835,2758.803955078125,2758.803955078125
548,1501615839,2758.804931640625,2759.89794921875
549,1501615848,2758.804931640625,2761.0
550,1501615848,2758.804931640625,2759.89892578125
551,1501615848,2758.804931640625,2759.99609375
552,1501615851,2758.805908203125,2761.0
553,1501615854,2758.805908203125,2761.487060546875
554,1501615854,2758.805908203125,2761.498046875
555,1501615856,2759.89794921875,2761.498046875
556,1501615861,2758.805908203125,2761.498046875
557,1501615861,2758.805908203125,2759.89697265625
558,1501615873,2758.805908203125,2759.89599609375
559,1501615875,2758.805908203125,2759.89697265625
560,1501615892,2759.89697265625,2759.89697265625
561,1501615900,2758.805908203125,2759.89697265625
562,1501615900,2759.89697265625,2759.89697265625
563,1501615904,2758.805908203125,2759.89697265625
564,1501615909,2758.805908203125,2758.805908203125
565,1501615912,2758.805908203125,2759.89697265625
566,1501615913,2759.89697265625,2759.89697265625
567,1501615915,2758.805908203125,2759.89697265625
568,1501615916,2759.89697265625,2759.89697265625
569,1501615918,2758.805908203125,2759.89697265625
570,1501615921,2759.89697265625,2759.89697265625
571,1501615921,2755.110107421875,2759.89697265625
572,1501615922,2755.110107421875,2759.89599609375
573,1501615924,2755.110107421875,2759.89697265625
574,1501615924,2759.89697265625,2759.89697265625
575,1501615926,2759.89697265625,2759.89697265625
576,1501615931,2756.62890625,2759.89697265625
577,1501615935,2758.803955078125,2759.89697265625
578,1501615937,2758.803955078125,2759.89697265625
579,1501615937,2759.89697265625,2759.89697265625
580,1501615940,2759.89697265625,2759.89697265625
581,1501615941,2758.803955078125,2759.89697265625
582,1501615943,2759.89697265625,2759.89697265625
583,1501615943,2758.803955078125,2759.89697265625
584,1501615946,2756.62890625,2759.89697265625
585,1501615947,2759.2060546875,2759.89697265625
586,1501615949,2759.2060546875,2759.89599609375
587,1501615953,2759.89697265625,2759.89697265625
588,1501615953,2759.2060546875,2759.89697265625
589,1501615955,2759.2060546875,2759.89697265625
590,1501615955,2759.89697265625,2759.89697265625
591,1501615957,2759.89697265625,2759.89697265625
592,1501615957,2759.2060546875,2759.89697265625
593,1501615960,2758.804931640625,2759.2060546875
594,1501615960,2758.804931640625,2759.89697265625
595,1501615962,2758.804931640625,2759.89697265625
596,1501615965,2752.97705078125,2759.89697265625
597,1501615965,2758.803955078125,2759.89697265625
598,1501615965,2758.803955078125,2758.803955078125
599,1501615966,2752.97705078125,2759.89599609375
600,1501615968,2752.97705078125,2758.804931640625
601,1501615968,2752.97705078125,2758.803955078125
602,1501615972,2752.97802734375,2758.803955078125
603,1501615979,2752.97802734375,2758.802978515625
604,1501615984,2752.97802734375,2758.72900390625
605,1501615989,2752.97802734375,2758.802978515625
606,1501615994,2752.300048828125,2752.300048828125
607,1501615994,2752.97705078125,2758.802978515625
608,1501615994,2752.300048828125,2758.802978515625
609,1501615994,2752.301025390625,2758.802978515625
610,1501615995,2752.300048828125,2758.802978515625
611,1501615996,2752.300048828125,2752.300048828125
612,1501615997,2752.300048828125,2758.802001953125
613,1501615998,2752.300048828125,2752.300048828125
614,1501615998,2752.300048828125,2758.802001953125
615,1501615999,2752.300048828125,2752.300048828125
616,1501615999,2752.300048828125,2758.802001953125
617,1501616000,2752.300048828125,2758.802001953125
618,1501616000,2752.300048828125,2752.300048828125
619,1501616002,2752.97802734375,2758.802001953125
620,1501616003,2752.97802734375,2759.2060546875
621,1501616003,2752.97802734375,2758.803955078125
622,1501616003,2752.97802734375,2758.802001953125
623,1501616003,2752.97802734375,2758.72802734375
624,1501616004,2752.97802734375,2759.89599609375
625,1501616004,2752.97802734375,2759.89697265625
626,1501616007,2758.72802734375,2759.89697265625
627,1501616012,2758.72802734375,2758.802001953125
628,1501616016,2752.97802734375,2758.802001953125
629,1501616022,2752.97802734375,2758.72802734375
630,1501616026,2752.97802734375,2758.72802734375
631,1501616026,2758.72802734375,2758.72802734375
632,1501616031,2751.0009765625,2758.72802734375
633,1501616033,2751.0009765625,2761.4970703125
634,1501616033,2751.0009765625,2762.800048828125
635,1501616033,2751.0009765625,2759.89599609375
636,1501616034,2752.97802734375,2762.800048828125
637,1501616036,2752.97802734375,2764.09912109375
638,1501616037,2759.2109375,2764.09912109375
639,1501616037,2764.09912109375,2764.09912109375
640,1501616038,2759.2109375,2764.09912109375
641,1501616039,2764.09912109375,2764.09912109375
642,1501616039,2759.2109375,2764.09912109375
643,1501616040,2764.09912109375,2764.09912109375
644,1501616041,2764.09912109375,2764.989990234375
645,1501616042,2764.09912109375,2764.09912109375
646,1501616043,2764.09912109375,2764.989990234375
647,1501616044,2759.2109375,2759.89599609375
648,1501616044,2759.2109375,2764.989990234375
649,1501616047,2764.09912109375,2764.09912109375
650,1501616047,2764.09912109375,2764.989990234375
651,1501616047,2759.2109375,2764.09912109375
652,1501616050,2762.800048828125,2763.10595703125
653,1501616056,2759.2109375,2763.10595703125
654,1501616064,2764.0,2764.0
655,1501616065,2759.89697265625,2764.0
656,1501616069,2759.89697265625,2763.10498046875
657,1501616070,2762.800048828125,2764.154052734375
658,1501616070,2759.89697265625,2764.154052734375
659,1501616070,2762.800048828125,2763.10498046875
660,1501616077,2764.0,2764.154052734375
661,1501616080,2762.800048828125,2764.154052734375
662,1501616081,2759.89697265625,2762.98291015625
663,1501616081,2762.800048828125,2762.98291015625
664,1501616095,2759.89697265625,2764.154052734375
665,1501616095,2759.89697265625,2763.10498046875
666,1501616095,2759.89697265625,2764.153076171875
667,1501616100,2759.89697265625,2763.10498046875
668,1501616107,2759.902099609375,2763.10498046875
669,1501616110,2759.89697265625,2763.10498046875
670,1501616112,2759.89697265625,2763.10400390625
671,1501616114,2759.89697265625,2764.153076171875
672,1501616119,2759.89697265625,2764.154052734375
673,1501616121,2759.39990234375,2764.154052734375
674,1501616123,2759.89697265625,2764.154052734375
675,1501616128,2759.89697265625,2764.14794921875
676,1501616129,2759.906005859375,2764.10009765625
677,1501616129,2759.89697265625,2764.10009765625
678,1501616136,2759.906005859375,2763.10400390625
679,1501616141,2760.0,2763.10400390625
680,1501616146,2760.0,2764.09912109375
681,1501616148,2760.0,2763.10302734375
682,1501616158,2760.0,2761.262939453125
683,1501616165,2760.0,2761.262939453125
684,1501616165,2760.0,2760.0
685,1501616175,2760.0,2763.10302734375
686,1501616178,2761.262939453125,2763.10302734375
687,1501616192,2763.10302734375,2763.10302734375
688,1501616193,2763.10302734375,2764.097900390625
689,1501616193,2763.10302734375,2764.154052734375
690,1501616198,2760.008056640625,2764.154052734375
691,1501616198,2760.0,2764.154052734375
692,1501616198,2763.10205078125,2764.154052734375
693,1501616198,2760.0009765625,2764.154052734375
694,1501616199,2763.10205078125,2764.097900390625
695,1501616208,2764.154052734375,2764.154052734375
696,1501616208,2763.10205078125,2764.154052734375
697,1501616210,2760.0,2764.154052734375
698,1501616212,2763.251953125,2764.154052734375
699,1501616215,2763.251953125,2764.097900390625
700,1501616224,2760.0009765625,2763.251953125
701,1501616224,2763.251953125,2763.251953125
702,1501616249,2760.0,2763.251953125
703,1501616250,2753.199951171875,2763.251953125
704,1501616251,2763.10302734375,2763.251953125
705,1501616252,2763.10302734375,2764.096923828125
706,1501616252,2760.0,2764.096923828125
707,1501616254,2760.0,2760.0009765625
708,1501616256,2760.0,2764.096923828125
709,1501616260,2760.10009765625,2763.2509765625
710,1501616260,2760.0,2763.2509765625
711,1501616271,2760.10009765625,2764.096923828125
712,1501616276,2760.10009765625,2764.153076171875
713,1501616278,2763.2509765625,2764.095947265625
714,1501616278,2760.10009765625,2764.095947265625
715,1501616281,2760.10009765625,2763.25
716,1501616281,2760.10009765625,2764.095947265625
717,1501616282,2760.10107421875,2763.25
718,1501616282,2760.10107421875,2764.095947265625
719,1501616287,2760.10107421875,2763.2509765625
720,1501616287,2763.10302734375,2763.2509765625
721,1501616296,2763.10400390625,2763.2509765625
722,1501616299,2763.10400390625,2764.094970703125
723,1501616305,2763.10400390625,2764.154052734375
724,1501616305,2763.10400390625,2764.989990234375
725,1501616306,2763.10400390625,2766.43603515625
726,1501616306,2763.10400390625,2764.989990234375
727,1501616311,2763.10400390625,2764.989013671875
728,1501616311,2763.10400390625,2764.153076171875
729,1501616312,2764.094970703125,2764.153076171875
730,1501616317,2763.10400390625,2764.094970703125
731,1501616317,2764.094970703125,2764.094970703125
732,1501616323,2763.10400390625,2764.153076171875
733,1501616323,2764.153076171875,2764.153076171875
734,1501616325,2764.094970703125,2766.990966796875
735,1501616325,2764.094970703125,2766.991943359375
736,1501616325,2763.10400390625,2764.989013671875
737,1501616325,2763.10400390625,2766.991943359375
738,1501616331,2764.097900390625,2766.990966796875
739,1501616336,2764.153076171875,2766.990966796875
740,1501616337,2764.153076171875,2766.990966796875
741,1501616338,2764.153076171875,2766.992919921875
742,1501616341,2764.09912109375,2766.992919921875
743,1501616341,2764.09912109375,2764.152099609375
744,1501616346,2764.09912109375,2766.992919921875
745,1501616346,2764.09912109375,2768.97998046875
746,1501616351,2764.09912109375,2768.97998046875
747,1501616351,2768.97998046875,2768.97998046875
748,1501616353,2764.10009765625,2768.97998046875
749,1501616359,2764.10009765625,2768.9990234375
750,1501616360,2764.153076171875,2768.9990234375
751,1501616362,2764.153076171875,2768.9990234375
752,1501616364,2764.153076171875,2769.0
753,1501616368,2764.153076171875,2769.0
754,1501616368,2764.153076171875,2764.153076171875
755,1501616369,2764.153076171875,2768.97900390625
756,1501616373,2764.10009765625,2768.97900390625
757,1501616373,2764.153076171875,2768.97900390625
758,1501616382,2764.153076171875,2769.0
759,1501616385,2764.300048828125,2768.97802734375
760,1501616385,2764.300048828125,2769.0
761,1501616398,2764.300048828125,2768.97900390625
762,1501616399,2764.300048828125,2769.0
763,1501616400,2764.300048828125,2769.0
764,1501616400,2764.300048828125,2764.300048828125
765,1501616402,2764.300048828125,2768.97705078125
766,1501616409,2764.300048828125,2768.97607421875
767,1501616412,2764.300048828125,2769.0
768,1501616412,2764.300048828125,2769.799072265625
769,1501616412,2764.300048828125,2768.97705078125
770,1501616413,2764.300048828125,2764.300048828125
771,1501616414,2764.300048828125,2769.799072265625
772,1501616420,2764.301025390625,2769.799072265625
773,1501616421,2768.97705078125,2769.799072265625
774,1501616425,2768.97705078125,2769.798095703125
775,1501616428,2764.300048828125,2764.300048828125
776,1501616428,2764.300048828125,2769.798095703125
777,1501616428,2764.301025390625,2769.798095703125
778,1501616431,2764.300048828125,2768.97607421875
779,1501616432,2764.300048828125,2768.97607421875
780,1501616437,2764.300048828125,2764.301025390625
781,1501616443,2764.300048828125,2768.97509765625
782,1501616448,2764.300048828125,2764.300048828125
783,1501616450,2764.300048828125,2768.97509765625
784,1501616451,2764.300048828125,2764.300048828125
785,1501616451,2764.300048828125,2768.97509765625
786,1501616453,2764.300048828125,2769.799072265625
787,1501616454,2764.300048828125,2764.300048828125
788,1501616455,2764.300048828125,2769.799072265625
789,1501616457,2764.1640625,2769.799072265625
790,1501616458,2768.97607421875,2769.799072265625
791,1501616460,2769.798095703125,2769.799072265625
792,1501616467,2769.798095703125,2769.798095703125
793,1501616468,2769.798095703125,2769.799072265625
794,1501616469,2769.799072265625,2769.799072265625
795,1501616470,2769.798095703125,2769.799072265625
796,1501616471,2769.798095703125,2769.89990234375
797,1501616472,2769.798095703125,2769.798095703125
798,1501616473,2769.798095703125,2769.89990234375
799,1501616473,2769.798095703125,2770.0
800,1501616474,2769.798095703125,2770.798095703125
801,1501616476,2770.798095703125,2770.798095703125
802,1501616476,2769.798095703125,2770.798095703125
803,1501616478,2772.221923828125,2772.221923828125
804,1501616478,2769.798095703125,2772.0
805,1501616478,2769.798095703125,2772.221923828125
806,1501616482,2769.799072265625,2772.221923828125
807,1501616494,2772.221923828125,2772.221923828125
808,1501616494,2769.799072265625,2772.221923828125
809,1501616495,2769.799072265625,2772.31298828125
810,1501616495,2769.799072265625,2773.944091796875
811,1501616495,2769.799072265625,2772.306884765625
812,1501616495,2769.799072265625,2772.305908203125
813,1501616495,2769.799072265625,2774.62109375
814,1501616498,2769.799072265625,2770.797119140625
815,1501616500,2769.800048828125,2770.797119140625
816,1501616503,2769.800048828125,2774.62109375
817,1501616503,2774.62109375,2774.62109375
818,1501616506,2769.800048828125,2772.208984375
819,1501616519,2769.800048828125,2769.800048828125
820,1501616520,2769.800048828125,2772.208984375
821,1501616521,2769.800048828125,2774.6201171875
822,1501616521,2769.801025390625,2774.6201171875
823,1501616525,2769.801025390625,2774.62109375
824,1501616528,2772.208984375,2774.62109375
825,1501616530,2772.208984375,2774.6201171875
826,1501616533,2772.2099609375,2774.6201171875
827,1501616533,2769.801025390625,2774.6201171875
828,1501616537,2774.62109375,2774.62109375
829,1501616537,2772.2099609375,2774.62109375
830,1501616548,2772.2099609375,2774.618896484375
831,1501616549,2772.2099609375,2774.618896484375
832,1501616560,2772.2099609375,2774.617919921875
833,1501616562,2772.237060546875,2774.617919921875
834,1501616581,2772.237060546875,2774.616943359375
835,1501616584,2772.238037109375,2774.616943359375
836,1501616588,2772.238037109375,2774.0
837,1501616592,2774.0,2774.0
838,1501616593,2774.0,2774.616943359375
839,1501616595,2772.238037109375,2774.616943359375
840,1501616604,2774.617919921875,2774.617919921875
841,1501616604,2772.238037109375,2774.617919921875
842,1501616605,2772.238037109375,2774.615966796875
843,1501616605,2769.902099609375,2774.615966796875
844,1501616608,2769.902099609375,2774.617919921875
845,1501616608,2774.617919921875,2774.617919921875
846,1501616610,2774.617919921875,2774.617919921875
847,1501616611,2769.902099609375,2774.617919921875
848,1501616619,2769.902099609375,2774.616943359375
849,1501616623,2769.89990234375,2774.616943359375
850,1501616623,2769.90087890625,2774.616943359375
851,1501616623,2769.89990234375,2769.89990234375
852,1501616624,2769.903076171875,2774.616943359375
853,1501616632,2764.095947265625,2774.0
854,1501616632,2764.094970703125,2774.0
855,1501616632,2764.094970703125,2764.094970703125
856,1501616632,2768.19189453125,2774.0
857,1501616632,2769.902099609375,2774.0
858,1501616634,2764.094970703125,2764.094970703125
859,1501616634,2769.903076171875,2774.0
860,1501616634,2764.094970703125,2774.0
861,1501616637,2769.903076171875,2773.971923828125
862,1501616642,2770.0,2773.971923828125
863,1501616651,2774.612060546875,2774.612060546875
864,1501616651,2770.0,2773.970947265625
865,1501616651,2770.0,2774.0
866,1501616651,2770.0,2774.612060546875
867,1501616664,2770.0,2770.0
868,1501616665,2770.0,2773.969970703125
869,1501616665,2770.0,2774.625
870,1501616665,2770.0,2774.612060546875
871,1501616665,2770.0,2773.970947265625
872,1501616665,2770.0,2770.0
873,1501616666,2770.0,2773.969970703125
874,1501616667,2770.0,2770.0
875,1501616668,2770.0,2770.0
876,1501616668,2770.0,2774.625
877,1501616670,2770.0,2774.611083984375
878,1501616673,2770.0,2774.625
879,1501616677,2770.0,2774.6240234375
880,1501616678,2770.0,2774.623046875
881,1501616683,2770.0,2770.0
882,1501616685,2770.0,2774.623046875
883,1501616687,2770.0,2770.0
884,1501616688,2770.0,2774.623046875
885,1501616689,2770.0,2770.0
886,1501616692,2770.0,2774.623046875
887,1501616695,2770.0,2774.6220703125
888,1501616699,2770.0048828125,2774.6220703125
889,1501616703,2770.0048828125,2774.62109375
890,1501616705,2770.0048828125,2773.967041015625
891,1501616706,2771.0,2773.967041015625
892,1501616715,2771.0,2773.966064453125
893,1501616719,2770.10009765625,2773.966064453125
894,1501616720,2770.10009765625,2770.449951171875
895,1501616721,2770.10009765625,2770.10009765625
896,1501616722,2770.10009765625,2770.449951171875
897,1501616741,2770.10009765625,2770.448974609375
898,1501616744,2770.126953125,2770.448974609375
899,1501616751,2770.126953125,2770.449951171875
900,1501616751,2770.126953125,2773.962890625
901,1501616753,2770.126953125,2773.964111328125
902,1501616754,2770.126953125,2770.447998046875
903,1501616759,2773.962890625,2773.962890625
904,1501616760,2770.449951171875,2773.962890625
905,1501616765,2770.449951171875,2773.9619140625
906,1501616773,2773.9619140625,2773.9619140625
907,1501616774,2770.449951171875,2773.9619140625
908,1501616776,2770.449951171875,2773.9609375
909,1501616779,2770.449951171875,2773.9619140625
910,1501616782,2770.1279296875,2773.9619140625
911,1501616784,2770.1279296875,2774.625
912,1501616785,2770.1279296875,2773.9609375
913,1501616786,2770.199951171875,2773.9609375
914,1501616786,2770.449951171875,2773.9609375
915,1501616792,2770.449951171875,2774.6240234375
916,1501616793,2770.449951171875,2774.623046875
917,1501616797,2770.449951171875,2773.9609375
918,1501616799,2770.449951171875,2773.9609375
919,1501616799,2770.12890625,2773.9609375
920,1501616800,2770.449951171875,2773.9599609375
921,1501616804,2770.449951171875,2770.449951171875
922,1501616805,2770.449951171875,2773.9599609375
923,1501616805,2770.449951171875,2770.449951171875
924,1501616806,2770.12890625,2770.449951171875
925,1501616812,2770.0,2770.449951171875
926,1501616818,2765.10009765625,2770.449951171875
927,1501616818,2765.10009765625,2765.10009765625
928,1501616820,2765.10009765625,2770.448974609375
929,1501616821,2770.200927734375,2770.448974609375
930,1501616821,2770.0,2770.448974609375
931,1501616822,2770.0,2770.448974609375
932,1501616830,2770.448974609375,2770.448974609375
933,1501616831,2770.448974609375,2773.95703125
934,1501616831,2770.0,2770.447998046875
935,1501616834,2770.448974609375,2773.95703125
936,1501616834,2770.0,2773.95703125
937,1501616835,2770.0,2773.9560546875
938,1501616835,2770.0,2773.95703125
939,1501616836,2770.447998046875,2773.9560546875
940,1501616839,2770.447998046875,2773.955078125
941,1501616842,2770.447998046875,2773.679931640625
942,1501616843,2770.966064453125,2773.679931640625
943,1501616845,2770.447998046875,2770.447998046875
944,1501616846,2770.447998046875,2770.447998046875
945,1501616846,2770.447998046875,2773.679931640625
946,1501616847,2770.447998046875,2773.955078125
947,1501616847,2770.447998046875,2773.679931640625
948,1501616849,2770.447998046875,2770.447998046875
949,1501616849,2770.447998046875,2773.955078125
950,1501616850,2770.447998046875,2770.447998046875
951,1501616851,2773.955078125,2773.955078125
952,1501616851,2773.955078125,2773.9560546875
953,1501616852,2770.447998046875,2773.9560546875
954,1501616854,2770.447998046875,2773.9541015625
955,1501616854,2773.955078125,2773.9560546875
956,1501616857,2770.449951171875,2773.9560546875
957,1501616860,2770.449951171875,2770.449951171875
958,1501616860,2770.449951171875,2773.9560546875
959,1501616861,2770.449951171875,2773.9560546875
960,1501616861,2770.449951171875,2770.449951171875
961,1501616863,2770.449951171875,2774.625
962,1501616863,2770.449951171875,2774.62109375
963,1501616864,2773.9560546875,2774.6201171875
964,1501616864,2770.449951171875,2774.6201171875
965,1501616864,2770.447998046875,2774.6201171875
966,1501616865,2770.447998046875,2774.6201171875
967,1501616866,2770.447998046875,2770.447998046875
968,1501616866,2770.447998046875,2770.449951171875
969,1501616869,2770.447998046875,2774.618896484375
970,1501616870,2765.0,2774.618896484375
971,1501616870,2770.10009765625,2774.618896484375
972,1501616870,2764.094970703125,2770.449951171875
973,1501616870,2764.094970703125,2774.618896484375
974,1501616870,2765.10205078125,2774.618896484375
975,1501616870,2765.10009765625,2774.618896484375
976,1501616871,2760.993896484375,2770.449951171875
977,1501616871,2762.701904296875,2770.449951171875
978,1501616871,2763.10302734375,2770.449951171875
979,1501616871,2760.991943359375,2770.449951171875
980,1501616872,2770.447998046875,2770.449951171875
981,1501616883,2770.449951171875,2770.449951171875
982,1501616884,2770.449951171875,2773.955078125
983,1501616885,2770.449951171875,2774.617919921875
984,1501616887,2770.449951171875,2773.9541015625
985,1501616892,2774.618896484375,2774.625
986,1501616892,2770.449951171875,2774.625
987,1501616894,2770.449951171875,2770.449951171875
988,1501616896,2770.449951171875,2774.616943359375
989,1501616899,2770.449951171875,2774.615966796875
990,1501616902,2770.447998046875,2774.615966796875
991,1501616903,2770.448974609375,2774.615966796875
992,1501616904,2770.448974609375,2774.617919921875
993,1501616905,2773.9560546875,2774.617919921875
994,1501616905,2773.9560546875,2774.615966796875
995,1501616906,2773.9560546875,2774.614990234375
996,1501616911,2773.9560546875,2774.614013671875
997,1501616918,2773.9560546875,2774.613037109375
998,1501616931,2773.9560546875,2774.612060546875
999,1501616932,2773.95703125,2774.612060546875
1000,1501616934,2773.95703125,2774.611083984375
1001,1501616935,2773.95703125,2774.612060546875
1002,1501616937,2773.95703125,2774.611083984375
1003,1501616939,2773.95703125,2774.612060546875
1004,1501616941,2773.95703125,2774.610107421875
1005,1501616942,2773.95703125,2774.612060546875
1006,1501616945,2773.9560546875,2774.612060546875
1007,1501616950,2773.9560546875,2774.611083984375
1008,1501616950,2773.9560546875,2774.612060546875
1009,1501616950,2774.612060546875,2774.612060546875
1010,1501616954,2773.9560546875,2774.614990234375
1011,1501616955,2770.450927734375,2774.614990234375
1012,1501616956,2770.450927734375,2773.9560546875
1013,1501616957,2770.450927734375,2774.610107421875
1014,1501616958,2773.9560546875,2774.610107421875
1015,1501616959,2773.9560546875,2774.610107421875
1016,1501616959,2773.9560546875,2773.9560546875
1017,1501616961,2773.9560546875,2774.60888671875
1018,1501616967,2773.9560546875,2774.610107421875
1019,1501616968,2773.9560546875,2774.60888671875
1020,1501616969,2773.9560546875,2773.9560546875
1021,1501616969,2770.450927734375,2773.9560546875
1022,1501616974,2770.450927734375,2774.60888671875
1023,1501616975,2774.60888671875,2774.60888671875
1024,1501616975,2770.450927734375,2774.60888671875
1025,1501616976,2770.60009765625,2773.955078125
1026,1501616976,2770.450927734375,2773.955078125
1027,1501616979,2770.60009765625,2774.60888671875
1028,1501616979,2770.60009765625,2773.9560546875
1029,1501616979,2774.60888671875,2774.60888671875
1030,1501616982,2770.60009765625,2774.60791015625
1031,1501616987,2770.60009765625,2773.9541015625
1032,1501616989,2770.60009765625,2770.60009765625
1033,1501616990,2770.60009765625,2773.9541015625
1034,1501616990,2770.60009765625,2773.952880859375
1035,1501616996,2770.60009765625,2773.9541015625
1036,1501616996,2774.60888671875,2774.614990234375
1037,1501616999,2770.60009765625,2774.614990234375
1038,1501617000,2774.60888671875,2774.614990234375
1039,1501617001,2770.60009765625,2774.614990234375
1040,1501617003,2770.60009765625,2774.614990234375
1041,1501617003,2774.60888671875,2774.614990234375
1042,1501617004,2774.60888671875,2774.614990234375
1043,1501617006,2770.60009765625,2774.614990234375
1044,1501617008,2774.60888671875,2774.614990234375
1045,1501617010,2774.614990234375,2774.614990234375
1046,1501617011,2774.60888671875,2774.614990234375
1047,1501617012,2774.60888671875,2774.614013671875
1048,1501617019,2770.60009765625,2774.614013671875
1049,1501617037,2774.614013671875,2774.614013671875
1050,1501617038,2770.60009765625,2774.614013671875
1051,1501617038,2774.614013671875,2774.614013671875
1052,1501617039,2770.60009765625,2774.614013671875
1053,1501617039,2770.60009765625,2773.9541015625
1054,1501617044,2774.614013671875,2774.614013671875
1055,1501617044,2770.60009765625,2774.614013671875
1056,1501617044,2770.60009765625,2774.613037109375
1057,1501617057,2774.614013671875,2774.614013671875
1058,1501617057,2770.60009765625,2774.614013671875
1059,1501617063,2770.60009765625,2774.613037109375
1060,1501617071,2770.60009765625,2774.612060546875
1061,1501617074,2773.3701171875,2774.612060546875
1062,1501617076,2773.3701171875,2774.611083984375
1063,1501617077,2773.3701171875,2774.610107421875
1064,1501617081,2773.3701171875,2774.611083984375
1065,1501617087,2773.3701171875,2774.610107421875
1066,1501617088,2773.3701171875,2774.611083984375
1067,1501617089,2773.3701171875,2774.613037109375
1068,1501617094,2773.3701171875,2773.952880859375
1069,1501617104,2770.699951171875,2773.952880859375
1070,1501617109,2770.699951171875,2773.3701171875
1071,1501617111,2770.699951171875,2773.952880859375
1072,1501617113,2770.699951171875,2770.699951171875
1073,1501617113,2770.699951171875,2773.952880859375
1074,1501617115,2773.37109375,2774.611083984375
1075,1501617115,2774.611083984375,2774.611083984375
1076,1501617115,2773.37109375,2773.952880859375
1077,1501617119,2773.952880859375,2774.611083984375
1078,1501617121,2773.37109375,2774.611083984375
1079,1501617121,2773.37109375,2773.951904296875
1080,1501617128,2774.611083984375,2774.6240234375
1081,1501617128,2773.37109375,2774.6240234375
1082,1501617134,2773.37109375,2774.6240234375
1083,1501617134,2773.37109375,2774.610107421875
1084,1501617135,2773.37109375,2773.37109375
1085,1501617135,2773.37109375,2774.610107421875
1086,1501617136,2773.951904296875,2774.610107421875
1087,1501617137,2774.611083984375,2774.625
1088,1501617139,2773.37109375,2774.625
1089,1501617139,2773.951904296875,2774.625
1090,1501617140,2773.951904296875,2774.625
1091,1501617141,2773.951904296875,2774.625
1092,1501617141,2773.37109375,2774.625
1093,1501617142,2773.951904296875,2774.6240234375
1094,1501617144,2773.37109375,2774.6240234375
1095,1501617148,2773.951904296875,2774.6240234375
1096,1501617149,2773.37109375,2774.6240234375
1097,1501617149,2773.951904296875,2774.6240234375
1098,1501617152,2773.37109375,2774.623046875
1099,1501617152,2773.951904296875,2774.623046875
1100,1501617156,2773.37109375,2774.6240234375
1101,1501617156,2774.6240234375,2774.6240234375
1102,1501617161,2773.37109375,2774.6240234375
1103,1501617161,2774.6240234375,2774.6240234375
1104,1501617165,2773.37109375,2774.6240234375
1105,1501617165,2774.6240234375,2774.6240234375
1106,1501617167,2773.37109375,2774.623046875
1107,1501617173,2774.623046875,2774.6240234375
1108,1501617173,2774.6240234375,2774.6240234375
1109,1501617173,2774.623046875,2774.623046875
1110,1501617174,2774.6240234375,2774.6240234375
1111,1501617174,2774.623046875,2774.6240234375
1112,1501617175,2773.3720703125,2774.6240234375
1113,1501617179,2774.623046875,2774.6240234375
1114,1501617182,2774.6240234375,2774.6240234375
1115,1501617182,2773.3720703125,2774.6240234375
1116,1501617183,2773.470947265625,2774.623046875
1117,1501617183,2773.470947265625,2774.6240234375
1118,1501617185,2773.470947265625,2774.6240234375
1119,1501617190,2773.470947265625,2774.625
1120,1501617194,2773.3720703125,2774.625
1121,1501617198,2773.3720703125,2774.625
1122,1501617198,2774.625,2774.625
1123,1501617199,2773.470947265625,2774.625
1124,1501617201,2773.470947265625,2774.68994140625
1125,1501617205,2773.470947265625,2774.6240234375
1126,1501617208,2773.951904296875,2774.6240234375
1127,1501617217,2773.951904296875,2774.68994140625
1128,1501617219,2773.951904296875,2774.623046875
1129,1501617232,2773.951904296875,2774.68896484375
1130,1501617240,2773.951904296875,2774.68994140625
1131,1501617240,2773.951904296875,2774.6220703125
1132,1501617245,2773.951904296875,2773.951904296875
1133,1501617245,2773.951904296875,2774.6220703125
1134,1501617259,2773.951904296875,2774.68994140625
1135,1501617266,2773.951904296875,2773.951904296875
1136,1501617268,2773.951904296875,2774.68994140625
1137,1501617269,2774.68994140625,2774.68994140625
1138,1501617270,2773.951904296875,2774.68994140625
1139,1501617272,2773.951904296875,2773.951904296875
1140,1501617273,2773.951904296875,2774.68994140625
1141,1501617277,2773.951904296875,2773.951904296875
1142,1501617279,2773.952880859375,2774.62109375
1143,1501617279,2773.951904296875,2774.62109375
1144,1501617283,2773.97900390625,2774.62109375
1145,1501617288,2773.97900390625,2774.68994140625
1146,1501617291,2773.97900390625,2774.68896484375
1147,1501617298,2774.68994140625,2775.0
1148,1501617298,2774.68994140625,2774.68994140625
1149,1501617298,2773.97900390625,2774.68994140625
1150,1501617307,2775.0,2775.0
1151,1501617308,2774.68994140625,2775.0
1152,1501617311,2775.0,2775.0
1153,1501617312,2777.0,2777.657958984375
1154,1501617312,2775.0,2777.657958984375
1155,1501617316,2777.657958984375,2777.657958984375
1156,1501617317,2777.0,2777.657958984375
1157,1501617319,2777.657958984375,2777.657958984375
1158,1501617319,2777.0,2777.657958984375
1159,1501617320,2777.0,2777.656005859375
1160,1501617322,2777.0,2777.656005859375
1161,1501617322,2777.0,2777.0
1162,1501617324,2777.0,2777.657958984375
1163,1501617325,2777.027099609375,2777.657958984375
1164,1501617326,2777.027099609375,2777.656005859375
1165,1501617326,2777.027099609375,2777.662109375
1166,1501617333,2777.656005859375,2777.656005859375
1167,1501617333,2777.027099609375,2777.656005859375
1168,1501617342,2777.027099609375,2777.656982421875
1169,1501617342,2777.657958984375,2777.662109375
1170,1501617348,2777.662109375,2777.662109375
1171,1501617349,2777.657958984375,2777.662109375
1172,1501617362,2777.027099609375,2777.662109375
1173,1501617364,2777.027099609375,2777.655029296875
1174,1501617365,2777.027099609375,2777.662109375
1175,1501617365,2777.662109375,2777.662109375
1176,1501617370,2777.662109375,2778.35009765625
1177,1501617370,2777.662109375,2777.662109375
1178,1501617371,2777.027099609375,2778.35009765625
1179,1501617372,2777.662109375,2778.35009765625
1180,1501617378,2777.662109375,2778.35009765625
1181,1501617378,2777.662109375,2777.662109375
1182,1501617381,2777.662109375,2777.662109375
1183,1501617382,2777.662109375,2778.35009765625
1184,1501617382,2778.35009765625,2778.35009765625
1185,1501617382,2778.35009765625,2779.89990234375
1186,1501617383,2777.662109375,2779.89990234375
1187,1501617385,2777.662109375,2777.662109375
1188,1501617386,2777.662109375,2779.89990234375
1189,1501617387,2777.662109375,2777.662109375
1190,1501617387,2777.662109375,2779.89990234375
1191,1501617388,2778.35009765625,2779.89990234375
1192,1501617389,2777.662109375,2779.89990234375
1193,1501617389,2777.662109375,2778.34912109375
1194,1501617391,2777.662109375,2779.89990234375
1195,1501617391,2779.89990234375,2779.89990234375
1196,1501617401,2777.68896484375,2779.89990234375
1197,1501617405,2777.10009765625,2777.662109375
1198,1501617405,2777.10009765625,2779.89990234375
1199,1501617407,2779.89990234375,2779.9990234375
1200,1501617407,2777.656005859375,2779.89990234375
1201,1501617407,2779.89990234375,2779.89990234375
1202,1501617407,2777.656005859375,2777.662109375
1203,1501617429,2779.89990234375,2779.998046875
1204,1501617437,2779.89990234375,2780.0
1205,1501617437,2782.958984375,2782.9609375
1206,1501617437,2779.89990234375,2779.9990234375
1207,1501617443,2779.89990234375,2782.9609375
1208,1501617445,2779.89990234375,2782.958984375
1209,1501617446,2779.998046875,2782.958984375
1210,1501617459,2779.998046875,2784.489990234375
1211,1501617459,2779.998046875,2782.9609375
1212,1501617459,2782.958984375,2784.489990234375
1213,1501617460,2779.998046875,2784.490966796875
1214,1501617460,2779.998046875,2784.489990234375
1215,1501617462,2779.998046875,2782.958984375
1216,1501617464,2779.998046875,2784.490966796875
1217,1501617464,2784.490966796875,2784.490966796875
1218,1501617464,2784.490966796875,2784.492919921875
1219,1501617466,2779.998046875,2779.998046875
1220,1501617466,2779.998046875,2784.487060546875
1221,1501617466,2779.998046875,2784.492919921875
1222,1501617467,2779.998046875,2784.492919921875
1223,1501617467,2779.998046875,2784.489990234375
1224,1501617469,2779.998046875,2782.9580078125
1225,1501617473,2779.998046875,2779.998046875
1226,1501617474,2779.89990234375,2779.998046875
1227,1501617477,2779.89990234375,2779.89990234375
1228,1501617477,2777.656005859375,2782.9580078125
1229,1501617477,2779.9990234375,2782.9580078125
1230,1501617477,2777.656005859375,2779.89990234375
1231,1501617477,2777.656005859375,2779.998046875
1232,1501617481,2779.9990234375,2782.958984375
1233,1501617484,2782.9580078125,2782.958984375
1234,1501617486,2779.9990234375,2782.958984375
1235,1501617488,2779.998046875,2779.9990234375
1236,1501617488,2779.9990234375,2779.9990234375
1237,1501617494,2777.656005859375,2779.89990234375
1238,1501617495,2782.9580078125,2782.9580078125
1239,1501617495,2782.9580078125,2784.488037109375
1240,1501617495,2777.656005859375,2779.9990234375
1241,1501617495,2782.9580078125,2784.489013671875
1242,1501617503,2777.77587890625,2784.488037109375
1243,1501617503,2779.998046875,2784.488037109375
1244,1501617504,2777.10009765625,2777.10009765625
1245,1501617504,2777.10009765625,2784.488037109375
1246,1501617504,2777.656005859375,2784.488037109375
1247,1501617505,2777.0,2777.10009765625
1248,1501617505,2777.0,2784.488037109375
1249,1501617505,2777.0,2782.958984375
1250,1501617508,2777.0,2782.958984375
1251,1501617509,2777.0,2784.488037109375
1252,1501617509,2777.0,2782.9580078125
1253,1501617509,2777.0,2782.958984375
1254,1501617509,2784.488037109375,2784.488037109375
1255,1501617509,2784.488037109375,2784.492919921875
1256,1501617512,2780.0,2784.487060546875
1257,1501617512,2780.0,2784.492919921875
1258,1501617518,2780.0,2782.9580078125
1259,1501617528,2780.0,2782.9580078125
1260,1501617528,2780.0,2780.0
1261,1501617529,2780.0,2782.958984375
1262,1501617529,2782.958984375,2782.958984375
1263,1501617532,2780.0,2780.0
1264,1501617533,2780.0,2782.958984375
1265,1501617537,2780.199951171875,2782.958984375
1266,1501617547,2780.199951171875,2782.9580078125
1267,1501617555,2780.199951171875,2782.958984375
1268,1501617556,2780.199951171875,2782.9580078125
1269,1501617558,2780.199951171875,2782.95703125
1270,1501617565,2782.9580078125,2782.9580078125
1271,1501617565,2782.9580078125,2782.958984375
1272,1501617567,2782.9580078125,2782.958984375
1273,1501617567,2782.9580078125,2782.9580078125
1274,1501617570,2782.9580078125,2782.9580078125
1275,1501617570,2780.199951171875,2782.9580078125
1276,1501617571,2780.200927734375,2782.9580078125
1277,1501617573,2782.958984375,2782.958984375
1278,1501617573,2780.200927734375,2782.958984375
1279,1501617575,2782.9580078125,2782.958984375
1280,1501617576,2782.9580078125,2784.489013671875
1281,1501617578,2782.958984375,2784.488037109375
1282,1501617578,2782.958984375,2784.489013671875
1283,1501617579,2782.9580078125,2784.488037109375
1284,1501617580,2782.958984375,2784.488037109375
1285,1501617584,2782.958984375,2784.488037109375
1286,1501617584,2784.488037109375,2784.488037109375
1287,1501617585,2782.958984375,2784.487060546875
1288,1501617590,2784.487060546875,2784.492919921875
1289,1501617590,2784.487060546875,2784.487060546875
1290,1501617591,2782.958984375,2784.492919921875
1291,1501617592,2784.487060546875,2784.492919921875
1292,1501617593,2782.958984375,2784.492919921875
1293,1501617595,2784.487060546875,2784.487060546875
1294,1501617595,2784.487060546875,2784.492919921875
1295,1501617596,2784.487060546875,2784.491943359375
1296,1501617600,2784.487060546875,2784.492919921875
1297,1501617600,2784.492919921875,2784.492919921875
1298,1501617601,2784.492919921875,2784.492919921875
1299,1501617602,2782.958984375,2784.492919921875
1300,1501617609,2782.958984375,2784.465087890625
1301,1501617616,2782.958984375,2784.465087890625
1302,1501617616,2784.465087890625,2784.465087890625
1303,1501617625,2782.958984375,2784.464111328125
1304,1501617625,2782.958984375,2782.958984375
1305,1501617625,2782.958984375,2784.465087890625
1306,1501617633,2782.958984375,2784.0
1307,1501617633,2782.958984375,2784.465087890625
1308,1501617635,2782.958984375,2784.0
1309,1501617635,2782.958984375,2782.958984375
1310,1501617640,2782.958984375,2784.99609375
1311,1501617640,2782.958984375,2784.464111328125
1312,1501617640,2782.958984375,2784.492919921875
1313,1501617640,2782.958984375,2784.465087890625
1314,1501617641,2782.958984375,2785.0
1315,1501617641,2782.958984375,2784.462890625
1316,1501617648,2780.39990234375,2784.462890625
1317,1501617649,2783.10009765625,2784.462890625
1318,1501617651,2783.10009765625,2784.9951171875
1319,1501617653,2784.462890625,2784.9951171875
1320,1501617654,2783.10009765625,2784.4619140625
1321,1501617662,2784.4619140625,2784.4619140625
1322,1501617663,2784.4619140625,2784.992919921875
1323,1501617672,2783.10009765625,2784.4609375
1324,1501617672,2783.10009765625,2784.992919921875
1325,1501617673,2783.10009765625,2784.992919921875
1326,1501617673,2784.992919921875,2784.992919921875
1327,1501617675,2783.10009765625,2784.991943359375
1328,1501617676,2783.10009765625,2783.10009765625
1329,1501617677,2783.10009765625,2784.991943359375
1330,1501617683,2783.10009765625,2784.990966796875
1331,1501617689,2783.10009765625,2784.989990234375
1332,1501617695,2783.10009765625,2784.989013671875
1333,1501617697,2783.126953125,2784.989013671875
1334,1501617701,2783.126953125,2784.988037109375
1335,1501617704,2784.989013671875,2784.989990234375
1336,1501617709,2783.126953125,2784.989990234375
1337,1501617710,2783.126953125,2784.989013671875
1338,1501617712,2783.126953125,2784.989990234375
1339,1501617712,2784.989990234375,2784.989990234375
1340,1501617713,2783.126953125,2784.988037109375
1341,1501617714,2783.126953125,2784.989990234375
1342,1501617716,2783.126953125,2784.989013671875
1343,1501617721,2783.126953125,2784.488037109375
1344,1501617724,2783.10009765625,2784.488037109375
1345,1501617724,2783.10009765625,2783.10009765625
1346,1501617725,2783.10009765625,2783.10009765625
1347,1501617725,2783.10009765625,2784.488037109375
1348,1501617727,2783.10009765625,2783.10009765625
1349,1501617727,2783.10009765625,2784.488037109375
1350,1501617730,2783.10009765625,2784.487060546875
1351,1501617732,2783.10009765625,2784.486083984375
1352,1501617737,2783.10009765625,2784.485107421875
1353,1501617743,2783.10009765625,2784.48388671875
1354,1501617745,2782.958984375,2784.48388671875
1355,1501617745,2782.10009765625,2784.48388671875
1356,1501617745,2780.10009765625,2782.0
1357,1501617749,2780.011962890625,2782.0
1358,1501617751,2780.012939453125,2782.0
1359,1501617755,2780.012939453125,2783.10009765625
1360,1501617755,2780.012939453125,2784.48388671875
1361,1501617756,2780.012939453125,2784.48291015625
1362,1501617757,2780.012939453125,2781.9990234375
1363,1501617763,2780.0009765625,2781.9990234375
1364,1501617765,2780.0009765625,2784.48095703125
1365,1501617769,2780.0009765625,2784.47998046875
1366,1501617770,2780.0009765625,2784.47998046875
1367,1501617772,2780.10009765625,2784.47998046875
1368,1501617772,2780.10009765625,2784.452880859375
1369,1501617774,2780.10009765625,2781.998046875
1370,1501617781,2780.10009765625,2784.300048828125
1371,1501617784,2781.9990234375,2784.300048828125
1372,1501617784,2781.9990234375,2784.299072265625
1373,1501617785,2780.10009765625,2784.299072265625
1374,1501617787,2780.10009765625,2781.9970703125
1375,1501617791,2780.989990234375,2781.9970703125
1376,1501617791,2780.10498046875,2781.9970703125
1377,1501617795,2780.989990234375,2784.2958984375
1378,1501617796,2780.989990234375,2784.294921875
1379,1501617798,2780.989990234375,2781.99609375
1380,1501617799,2781.0,2781.99609375
1381,1501617804,2781.0,2784.199951171875
1382,1501617805,2781.0,2781.968017578125
1383,1501617806,2781.10009765625,2781.968017578125
1384,1501617815,2781.10009765625,2781.967041015625
1385,1501617823,2781.10009765625,2781.966064453125
1386,1501617825,2781.10009765625,2781.966064453125
1387,1501617825,2781.10009765625,2781.10009765625
1388,1501617826,2781.10009765625,2781.965087890625
1389,1501617827,2781.0,2781.10009765625
1390,1501617832,2781.0,2781.965087890625
1391,1501617833,2780.989990234375,2781.0
1392,1501617833,2777.0,2781.0
1393,1501617833,2780.0,2781.0
1394,1501617833,2780.199951171875,2781.0
1395,1501617833,2780.0009765625,2781.0
1396,1501617838,2777.008056640625,2781.0
1397,1501617839,2777.008056640625,2780.971923828125
1398,1501617841,2777.008056640625,2781.0
1399,1501617841,2777.008056640625,2781.965087890625
1400,1501617841,2777.008056640625,2781.964111328125
1401,1501617844,2777.10009765625,2781.0
1402,1501617846,2777.10009765625,2781.964111328125
1403,1501617847,2777.10009765625,2781.955078125
1404,1501617847,2777.10009765625,2781.962890625
1405,1501617850,2777.10009765625,2777.10009765625
1406,1501617851,2777.10009765625,2781.955078125
1407,1501617855,2777.10009765625,2781.9541015625
1408,1501617857,2777.10009765625,2777.10009765625
1409,1501617858,2777.10009765625,2781.9541015625
1410,1501617858,2777.10498046875,2781.952880859375
1411,1501617858,2777.10498046875,2781.9541015625
1412,1501617863,2777.10498046875,2781.951904296875
1413,1501617868,2777.10498046875,2777.10498046875
1414,1501617869,2777.199951171875,2781.951904296875
1415,1501617873,2777.199951171875,2781.950927734375
1416,1501617876,2777.199951171875,2781.949951171875
1417,1501617878,2777.199951171875,2781.0
1418,1501617878,2777.199951171875,2781.948974609375
1419,1501617887,2777.199951171875,2780.9990234375
1420,1501617889,2777.199951171875,2777.199951171875
1421,1501617890,2777.199951171875,2780.9990234375
1422,1501617893,2777.199951171875,2780.998046875
1423,1501617897,2777.199951171875,2780.9970703125
1424,1501617902,2777.199951171875,2780.99609375
1425,1501617911,2777.10595703125,2780.99609375
1426,1501617912,2777.10595703125,2780.9951171875
1427,1501617912,2777.0,2780.9951171875
1428,1501617912,2777.0,2777.0
1429,1501617912,2777.199951171875,2780.9951171875
1430,1501617917,2777.199951171875,2780.993896484375
1431,1501617925,2777.35009765625,2780.992919921875
1432,1501617925,2777.10693359375,2780.992919921875
1433,1501617925,2777.199951171875,2780.992919921875
1434,1501617931,2780.992919921875,2780.992919921875
1435,1501617932,2777.35009765625,2780.0
1436,1501617938,2777.35009765625,2779.9990234375
1437,1501617942,2777.35009765625,2779.998046875
1438,1501617943,2777.35009765625,2777.35009765625
1439,1501617943,2777.35009765625,2779.998046875
1440,1501617954,2777.35009765625,2777.35009765625
1441,1501617956,2777.35009765625,2780.992919921875
1442,1501617957,2779.998046875,2780.992919921875
1443,1501617957,2779.998046875,2780.989990234375
1444,1501617959,2779.998046875,2780.992919921875
1445,1501617961,2777.35009765625,2779.9970703125
1446,1501617961,2777.35009765625,2780.992919921875
1447,1501617963,2777.10009765625,2780.989013671875
1448,1501617963,2777.35009765625,2780.989013671875
1449,1501617965,2779.998046875,2780.989013671875
1450,1501617967,2779.998046875,2780.988037109375
1451,1501617970,2777.10009765625,2779.998046875
1452,1501617970,2777.10009765625,2777.10009765625
1453,1501617970,2777.10009765625,2780.988037109375
1454,1501617977,2777.10009765625,2779.9970703125
1455,1501617981,2777.10009765625,2779.998046875
1456,1501617982,2779.9990234375,2780.987060546875
1457,1501617982,2777.10009765625,2780.987060546875
1458,1501617983,2777.10009765625,2779.99609375
1459,1501617991,2777.10009765625,2777.10009765625
1460,1501617991,2777.10009765625,2779.99609375
1461,1501617994,2779.99609375,2779.99609375
1462,1501617995,2777.010986328125,2779.99609375
1463,1501617995,2777.10009765625,2779.99609375
1464,1501617995,2777.010986328125,2779.9951171875
1465,1501617998,2777.010986328125,2779.993896484375
1466,1501618005,2777.0,2779.993896484375
1467,1501618007,2777.10009765625,2779.993896484375
1468,1501618007,2777.10009765625,2779.992919921875
1469,1501618019,2777.10009765625,2780.97998046875
1470,1501618023,2779.992919921875,2780.97998046875
1471,1501618024,2779.992919921875,2781.0
1472,1501618025,2777.10009765625,2779.991943359375
1473,1501618025,2777.10009765625,2781.0
1474,1501618028,2779.991943359375,2779.991943359375
1475,1501618029,2779.991943359375,2780.991943359375
1476,1501618032,2777.10009765625,2780.991943359375
1477,1501618032,2777.10009765625,2780.990966796875
1478,1501618033,2777.10009765625,2779.990966796875
1479,1501618033,2777.10009765625,2780.990966796875
1480,1501618037,2777.10009765625,2779.881103515625
1481,1501618038,2777.10009765625,2779.881103515625
1482,1501618038,2777.10009765625,2777.10009765625
1483,1501618039,2777.10009765625,2779.881103515625
1484,1501618041,2777.10205078125,2779.881103515625
1485,1501618043,2779.990966796875,2779.991943359375
1486,1501618043,2779.990966796875,2780.990966796875
1487,1501618044,2779.990966796875,2780.89990234375
1488,1501618045,2777.10205078125,2780.89990234375
1489,1501618045,2777.10205078125,2779.8798828125
1490,1501618050,2777.10205078125,2779.0
1491,1501618056,2777.10009765625,2779.0
1492,1501618060,2777.10009765625,2778.0
1493,1501618067,2777.10107421875,2778.0
1494,1501618069,2777.0,2778.0
1495,1501618069,2777.10009765625,2777.10009765625
1496,1501618069,2777.10009765625,2778.0
1497,1501618069,2777.0,2777.10205078125
1498,1501618071,2777.0,2777.10009765625
1499,1501618077,2777.0,2777.10205078125
1500,1501618077,2777.0,2777.0
1501,1501618078,2777.0,2777.09912109375
1502,1501618079,2777.0,2777.0
1503,1501618080,2777.0,2777.09912109375
1504,1501618081,2777.0,2777.0
1505,1501618082,2775.10009765625,2777.0
1506,1501618085,2775.10009765625,2777.09912109375
1507,1501618086,2775.10009765625,2777.097900390625
1508,1501618089,2775.10009765625,2777.09912109375
1509,1501618092,2775.10009765625,2776.9990234375
1510,1501618096,2775.10009765625,2775.10009765625
1511,1501618097,2775.10009765625,2776.9990234375
1512,1501618097,2775.10009765625,2775.10009765625
1513,1501618098,2775.10009765625,2776.9990234375
1514,1501618101,2775.10009765625,2776.998046875
1515,1501618104,2775.10009765625,2777.030029296875
1516,1501618107,2775.10009765625,2776.9970703125
1517,1501618113,2775.10009765625,2777.030029296875
1518,1501618114,2775.10009765625,2775.10009765625
1519,1501618115,2775.0,2775.10009765625
1520,1501618115,2775.10009765625,2777.030029296875
1521,1501618115,2775.0,2777.030029296875
1522,1501618118,2775.0,2775.10009765625
1523,1501618118,2775.0,2777.030029296875
1524,1501618119,2775.0,2775.0
1525,1501618122,2775.0,2775.10009765625
1526,1501618124,2775.0,2775.0
1527,1501618125,2770.0,2775.10009765625
1528,1501618125,2773.3701171875,2775.10009765625
1529,1501618125,2772.594970703125,2775.10009765625
1530,1501618125,2773.951904296875,2775.10009765625
1531,1501618129,2770.0,2775.0
1532,1501618130,2770.0,2773.951904296875
1533,1501618135,2770.0,2770.0
1534,1501618135,2770.0,2773.951904296875
1535,1501618136,2770.0,2770.0
1536,1501618138,2770.0,2773.951904296875
1537,1501618141,2770.0,2775.0
1538,1501618141,2770.0,2775.09912109375
1539,1501618141,2770.0,2775.10009765625
1540,1501618141,2770.0,2777.028076171875
1541,1501618141,2775.0,2777.028076171875
1542,1501618142,2767.011962890625,2777.028076171875
1543,1501618142,2767.011962890625,2770.0
1544,1501618146,2767.012939453125,2770.0
1545,1501618148,2767.012939453125,2777.027099609375
1546,1501618149,2767.012939453125,2777.02587890625
1547,1501618150,2773.951904296875,2777.02587890625
1548,1501618153,2773.951904296875,2777.027099609375
1549,1501618154,2767.012939453125,2777.027099609375
1550,1501618154,2767.012939453125,2777.029052734375
1551,1501618154,2767.012939453125,2777.02490234375
1552,1501618156,2767.013916015625,2777.02490234375
1553,1501618157,2767.013916015625,2777.02392578125
1554,1501618160,2767.013916015625,2777.02392578125
1555,1501618160,2777.02392578125,2777.02392578125
1556,1501618162,2767.013916015625,2777.02294921875
1557,1501618163,2767.02001953125,2777.02294921875
1558,1501618164,2767.02001953125,2774.49609375
1559,1501618168,2767.02099609375,2774.49609375
1560,1501618181,2767.02099609375,2773.950927734375
1561,1501618198,2767.02099609375,2773.949951171875
1562,1501618204,2767.02197265625,2773.949951171875
1563,1501618211,2767.02197265625,2773.950927734375
1564,1501618237,2767.02197265625,2773.949951171875
1565,1501618241,2767.02197265625,2773.948974609375
1566,1501618244,2767.02294921875,2773.948974609375
1567,1501618248,2767.10009765625,2773.948974609375
1568,1501618255,2767.10009765625,2774.49609375
1569,1501618255,2773.949951171875,2774.49609375
1570,1501618255,2767.10009765625,2773.950927734375
1571,1501618256,2767.10009765625,2773.947998046875
1572,1501618259,2767.10009765625,2774.49609375
1573,1501618260,2767.10009765625,2775.60009765625
1574,1501618260,2767.10009765625,2775.660888671875
1575,1501618260,2767.10009765625,2776.89697265625
1576,1501618269,2773.950927734375,2776.89697265625
1577,1501618270,2767.10009765625,2770.0
1578,1501618270,2767.10009765625,2776.89697265625
1579,1501618284,2767.10107421875,2770.0
1580,1501618293,2767.10107421875,2770.0
1581,1501618293,2770.0,2770.0
1582,1501618299,2767.10107421875,2769.9990234375
1583,1501618302,2767.10107421875,2770.0
1584,1501618302,2770.0,2770.0
1585,1501618309,2769.9990234375,2770.0
1586,1501618310,2767.10107421875,2770.0
1587,1501618312,2767.10205078125,2770.0
1588,1501618312,2770.0,2770.0
1589,1501618318,2767.10205078125,2769.9990234375
1590,1501618319,2767.10205078125,2770.0
1591,1501618319,2767.10205078125,2769.9990234375
1592,1501618319,2770.0,2770.0
1593,1501618323,2767.10205078125,2770.0
1594,1501618326,2767.10205078125,2769.9990234375
1595,1501618333,2767.300048828125,2769.9990234375
1596,1501618334,2767.300048828125,2769.998046875
1597,1501618347,2770.0,2770.0
1598,1501618347,2767.300048828125,2770.0
1599,1501618347,2767.300048828125,2769.9990234375
1600,1501618350,2769.9990234375,2770.0
1601,1501618358,2767.300048828125,2769.9970703125
1602,1501618358,2767.300048828125,2770.0
1603,1501618364,2770.0,2770.0
1604,1501618364,2767.300048828125,2770.0
1605,1501618366,2767.300048828125,2769.991943359375
1606,1501618372,2766.135009765625,2767.0
1607,1501618372,2766.135009765625,2769.991943359375
1608,1501618377,2766.135986328125,2767.0
1609,1501618378,2766.135986328125,2767.300048828125
1610,1501618380,2766.135009765625,2767.300048828125
1611,1501618382,2766.135009765625,2767.300048828125
1612,1501618382,2767.300048828125,2767.300048828125
1613,1501618383,2765.10009765625,2766.135009765625
1614,1501618383,2766.135009765625,2766.135009765625
1615,1501618387,2765.10009765625,2765.10009765625
1616,1501618388,2764.696044921875,2765.10009765625
1617,1501618388,2764.696044921875,2767.299072265625
1618,1501618389,2764.696044921875,2764.696044921875
1619,1501618390,2766.135009765625,2767.299072265625
1620,1501618395,2764.696044921875,2767.299072265625
1621,1501618395,2764.696044921875,2764.696044921875
1622,1501618396,2764.800048828125,2767.299072265625
1623,1501618398,2764.800048828125,2769.991943359375
1624,1501618398,2769.993896484375,2769.993896484375
1625,1501618398,2764.800048828125,2767.300048828125
1626,1501618398,2764.800048828125,2769.993896484375
1627,1501618400,2764.800048828125,2767.298095703125
1628,1501618400,2764.800048828125,2767.2939453125
1629,1501618403,2765.10009765625,2767.2939453125
1630,1501618409,2765.10009765625,2767.29296875
1631,1501618411,2765.10009765625,2765.10009765625
1632,1501618412,2765.10009765625,2767.29296875
1633,1501618414,2764.801025390625,2767.29296875
1634,1501618414,2764.800048828125,2767.29296875
1635,1501618414,2764.800048828125,2764.800048828125
1636,1501618416,2765.10009765625,2767.29296875
1637,1501618416,2764.696044921875,2767.29296875
1638,1501618418,2765.10498046875,2767.29296875
1639,1501618420,2765.10498046875,2767.2939453125
1640,1501618422,2765.10498046875,2769.991943359375
1641,1501618426,2765.10498046875,2767.2919921875
1642,1501618427,2765.10009765625,2767.2919921875
1643,1501618428,2765.10009765625,2767.2919921875
1644,1501618428,2765.10009765625,2765.10009765625
1645,1501618429,2764.696044921875,2767.2919921875
1646,1501618429,2764.800048828125,2767.2919921875
1647,1501618429,2764.696044921875,2765.10498046875
1648,1501618433,2764.801025390625,2765.10498046875
1649,1501618450,2765.10498046875,2765.10498046875
1650,1501618450,2764.801025390625,2765.10498046875
1651,1501618451,2764.801025390625,2767.2880859375
1652,1501618452,2764.801025390625,2767.287109375
1653,1501618453,2765.10498046875,2767.287109375
1654,1501618458,2764.801025390625,2767.287109375
1655,1501618458,2764.697021484375,2767.287109375
1656,1501618460,2764.696044921875,2767.287109375
1657,1501618462,2764.5869140625,2767.287109375
1658,1501618463,2764.5869140625,2764.697021484375
1659,1501618482,2764.5869140625,2767.285888671875
1660,1501618485,2767.285888671875,2767.287109375
1661,1501618485,2767.285888671875,2767.285888671875
1662,1501618486,2767.285888671875,2767.287109375
1663,1501618486,2764.5869140625,2767.287109375
1664,1501618490,2764.5869140625,2767.287109375
1665,1501618490,2764.5869140625,2764.696044921875
1666,1501618495,2764.5869140625,2764.801025390625
1667,1501618497,2764.697021484375,2764.801025390625
1668,1501618505,2764.72412109375,2764.801025390625
1669,1501618506,2764.72412109375,2764.800048828125
1670,1501618511,2764.72509765625,2764.800048828125
1671,1501618516,2764.801025390625,2765.10498046875
1672,1501618516,2764.801025390625,2764.801025390625
1673,1501618520,2764.72412109375,2764.799072265625
1674,1501618520,2764.72412109375,2765.10498046875
1675,1501618522,2764.72509765625,2764.799072265625
1676,1501618522,2764.72509765625,2764.72509765625
1677,1501618528,2764.72412109375,2764.72412109375
1678,1501618528,2764.72412109375,2765.10009765625
1679,1501618528,2764.72412109375,2764.799072265625
1680,1501618530,2764.72412109375,2765.10498046875
1681,1501618530,2765.10498046875,2765.10498046875
1682,1501618531,2764.72412109375,2764.798095703125
1683,1501618534,2764.72412109375,2767.279052734375
1684,1501618534,2764.72412109375,2765.10498046875
1685,1501618535,2767.279052734375,2767.279052734375
1686,1501618536,2764.72412109375,2767.279052734375
1687,1501618538,2764.72412109375,2767.279052734375
1688,1501618538,2767.279052734375,2767.279052734375
1689,1501618539,2764.72412109375,2769.89990234375
1690,1501618539,2767.279052734375,2769.89990234375
1691,1501618543,2769.89990234375,2769.89990234375
1692,1501618545,2769.89990234375,2770.0
1693,1501618553,2767.279052734375,2770.0
1694,1501618553,2767.279052734375,2769.89892578125
1695,1501618556,2767.280029296875,2769.89892578125
1696,1501618561,2770.0,2770.0
1697,1501618562,2769.90087890625,2770.0
1698,1501618562,2767.280029296875,2770.0
1699,1501618577,2769.90087890625,2769.9990234375
1700,1501618580,2769.90087890625,2769.998046875
1701,1501618580,2769.90087890625,2769.9990234375
1702,1501618583,2769.902099609375,2769.9990234375
1703,1501618585,2770.0,2776.985107421875
1704,1501618585,2769.902099609375,2776.985107421875
1705,1501618586,2770.0,2776.98388671875
1706,1501618590,2770.0,2775.0
1707,1501618593,2769.927978515625,2775.0
1708,1501618593,2769.998046875,2769.998046875
1709,1501618593,2769.927978515625,2769.998046875
1710,1501618594,2769.927978515625,2776.985107421875
1711,1501618594,2776.985107421875,2776.985107421875
1712,1501618594,2769.927978515625,2775.0
1713,1501618596,2770.0009765625,2775.860107421875
1714,1501618598,2770.0009765625,2776.98291015625
1715,1501618599,2775.0,2776.98291015625
1716,1501618601,2775.0,2776.867919921875
1717,1501618601,2775.0,2776.89990234375
1718,1501618606,2775.0,2776.866943359375
1719,1501618607,2775.0,2776.800048828125
1720,1501618608,2775.0,2776.866943359375
1721,1501618611,2770.0009765625,2776.866943359375
1722,1501618611,2769.928955078125,2776.866943359375
1723,1501618615,2775.0009765625,2776.866943359375
1724,1501618618,2770.001953125,2774.325927734375
1725,1501618623,2770.001953125,2774.325927734375
1726,1501618623,2774.325927734375,2774.325927734375
1727,1501618624,2770.0029296875,2774.325927734375
1728,1501618625,2770.0029296875,2774.324951171875
1729,1501618631,2770.00390625,2774.324951171875
1730,1501618632,2770.00390625,2774.10009765625
1731,1501618637,2770.001953125,2774.10009765625
1732,1501618637,2765.2060546875,2774.10009765625
1733,1501618637,2770.0029296875,2774.10009765625
1734,1501618637,2765.2060546875,2766.8798828125
1735,1501618640,2765.2060546875,2771.85205078125
1736,1501618645,2765.2060546875,2771.85107421875
1737,1501618648,2765.2060546875,2771.845947265625
1738,1501618649,2765.2060546875,2771.85107421875
1739,1501618650,2764.72900390625,2771.85107421875
1740,1501618650,2762.01708984375,2771.85107421875
1741,1501618652,2762.01708984375,2769.00390625
1742,1501618656,2762.01708984375,2766.3369140625
1743,1501618657,2762.01806640625,2766.3369140625
1744,1501618663,2762.01806640625,2766.3359375
1745,1501618664,2762.01806640625,2766.3369140625
1746,1501618666,2762.01904296875,2766.3359375
1747,1501618666,2762.01806640625,2766.3359375
1748,1501618670,2766.3369140625,2766.3369140625
1749,1501618670,2762.01904296875,2766.3369140625
1750,1501618672,2762.01904296875,2768.199951171875
1751,1501618672,2762.01904296875,2766.3349609375
1752,1501618672,2762.01904296875,2766.3369140625
1753,1501618673,2762.01904296875,2766.3349609375
1754,1501618679,2762.235107421875,2766.3349609375
1755,1501618680,2762.235107421875,2766.3359375
1756,1501618680,2762.235107421875,2766.333984375
1757,1501618685,2762.235107421875,2766.333984375
1758,1501618685,2766.333984375,2766.333984375
1759,1501618688,2762.235107421875,2766.3330078125
1760,1501618694,2762.235107421875,2766.33203125
1761,1501618698,2762.235107421875,2766.305908203125
1762,1501618702,2762.235107421875,2766.3330078125
1763,1501618702,2766.3330078125,2768.198974609375
1764,1501618702,2762.235107421875,2766.33203125
1765,1501618702,2766.3330078125,2766.3330078125
1766,1501618704,2762.235107421875,2768.198974609375
1767,1501618704,2762.235107421875,2766.304931640625
1768,1501618708,2762.235107421875,2768.198974609375
1769,1501618708,2762.235107421875,2768.197998046875
1770,1501618711,2762.01806640625,2768.197998046875
1771,1501618712,2766.33203125,2768.197998046875
1772,1501618715,2762.235107421875,2768.197021484375
1773,1501618715,2762.01806640625,2768.197998046875
1774,1501618715,2766.33203125,2768.197021484375
1775,1501618715,2762.01806640625,2768.197021484375
1776,1501618718,2762.235107421875,2766.0
1777,1501618720,2759.19189453125,2766.0
1778,1501618720,2760.0,2766.0
1779,1501618720,2759.7099609375,2766.0
1780,1501618720,2760.989990234375,2766.0
1781,1501618720,2762.01806640625,2766.0
1782,1501618721,2766.0,2766.0
1783,1501618722,2759.19189453125,2766.0
1784,1501618724,2759.135986328125,2766.0
1785,1501618734,2759.135986328125,2765.9990234375
1786,1501618739,2766.0,2766.0
1787,1501618739,2759.135986328125,2766.0
1788,1501618741,2759.135986328125,2765.9990234375
1789,1501618747,2766.0,2766.0
1790,1501618748,2759.14404296875,2766.0
1791,1501618754,2765.9990234375,2766.0
1792,1501618761,2759.14404296875,2766.0
1793,1501618762,2759.14404296875,2765.998046875
1794,1501618765,2759.135986328125,2765.998046875
1795,1501618766,2759.135986328125,2766.0
1796,1501618766,2768.18408203125,2768.18408203125
1797,1501618766,2759.135986328125,2768.18310546875
1798,1501618766,2759.135986328125,2768.18408203125
1799,1501618767,2759.136962890625,2768.18310546875
1800,1501618774,2759.136962890625,2765.998046875
1801,1501618775,2759.136962890625,2768.181884765625
1802,1501618776,2759.135986328125,2759.135986328125
1803,1501618776,2759.135986328125,2768.181884765625
1804,1501618776,2756.47900390625,2768.181884765625
1805,1501618778,2756.47998046875,2768.181884765625
1806,1501618779,2768.181884765625,2768.181884765625
1807,1501618780,2756.47900390625,2756.47900390625
1808,1501618780,2756.47998046875,2768.181884765625
1809,1501618781,2756.47900390625,2768.181884765625
1810,1501618781,2756.47900390625,2765.998046875
1811,1501618783,2765.998046875,2765.998046875
1812,1501618785,2759.135986328125,2768.180908203125
1813,1501618788,2759.135986328125,2768.179931640625
1814,1501618791,2759.135986328125,2768.174072265625
1815,1501618804,2766.3349609375,2768.174072265625
1816,1501618806,2766.3349609375,2767.18994140625
1817,1501618808,2766.3349609375,2768.174072265625
1818,1501618811,2759.135986328125,2766.3349609375
1819,1501618811,2766.3349609375,2766.3349609375
1820,1501618812,2756.48095703125,2766.3349609375
1821,1501618813,2759.135986328125,2766.3349609375
1822,1501618814,2759.135986328125,2768.174072265625
1823,1501618814,2759.135986328125,2768.173095703125
1824,1501618819,2759.136962890625,2768.174072265625
1825,1501618820,2759.136962890625,2767.18896484375
1826,1501618820,2759.137939453125,2767.18896484375
1827,1501618821,2759.137939453125,2765.998046875
1828,1501618833,2759.14892578125,2765.998046875
1829,1501618834,2765.998046875,2765.998046875
1830,1501618834,2765.998046875,2767.18798828125
1831,1501618835,2765.998046875,2767.18701171875
1832,1501618835,2759.14892578125,2767.18701171875
1833,1501618836,2759.14892578125,2767.18798828125
1834,1501618840,2759.14892578125,2767.18896484375
1835,1501618840,2759.137939453125,2767.18896484375
1836,1501618842,2759.137939453125,2767.18603515625
1837,1501618843,2759.137939453125,2765.998046875
1838,1501618844,2759.135986328125,2765.998046875
1839,1501618846,2759.153076171875,2765.998046875
1840,1501618856,2766.0,2766.22412109375
1841,1501618858,2766.0,2767.18505859375
1842,1501618858,2766.0,2767.993896484375
1843,1501618860,2759.153076171875,2765.9970703125
1844,1501618867,2759.153076171875,2759.153076171875
1845,1501618868,2759.153076171875,2765.9970703125
1846,1501618871,2765.9970703125,2765.9970703125
1847,1501618872,2759.153076171875,2765.89990234375
1848,1501618874,2759.153076171875,2765.89990234375
1849,1501618874,2753.4130859375,2765.89990234375
1850,1501618874,2753.412109375,2765.89990234375
1851,1501618877,2759.153076171875,2765.89990234375
1852,1501618878,2759.153076171875,2765.89892578125
1853,1501618880,2759.153076171875,2765.89990234375
1854,1501618881,2759.153076171875,2765.89794921875
1855,1501618883,2759.153076171875,2765.89990234375
1856,1501618884,2759.153076171875,2765.89892578125
1857,1501618890,2765.89892578125,2765.89990234375
1858,1501618890,2765.89892578125,2765.89892578125
1859,1501618892,2759.153076171875,2765.89990234375
1860,1501618893,2759.153076171875,2765.89794921875
1861,1501618896,2759.153076171875,2765.800048828125
1862,1501618901,2765.800048828125,2765.800048828125
1863,1501618901,2759.153076171875,2765.799072265625
1864,1501618901,2759.153076171875,2765.800048828125
1865,1501618903,2759.153076171875,2765.800048828125
1866,1501618906,2759.153076171875,2765.799072265625
1867,1501618908,2757.14501953125,2765.799072265625
1868,1501618911,2759.153076171875,2765.799072265625
1869,1501618913,2759.153076171875,2765.798095703125
1870,1501618917,2759.153076171875,2765.79296875
1871,1501618921,2759.153076171875,2765.797119140625
1872,1501618924,2759.162109375,2765.797119140625
1873,1501618924,2759.162109375,2765.783935546875
1874,1501618928,2759.162109375,2765.782958984375
1875,1501618930,2760.0,2765.782958984375
1876,1501618931,2760.0,2765.7919921875
1877,1501618932,2760.0,2765.781982421875
1878,1501618936,2760.0,2765.699951171875
1879,1501618937,2759.0,2759.153076171875
1880,1501618941,2759.0,2759.0
1881,1501618941,2759.0,2759.153076171875
1882,1501618945,2759.001953125,2759.153076171875
1883,1501618950,2759.001953125,2759.152099609375
1884,1501618955,2759.001953125,2759.153076171875
1885,1501618958,2759.001953125,2759.153076171875
1886,1501618958,2759.001953125,2759.001953125
1887,1501618961,2759.0,2759.153076171875
1888,1501618961,2759.0,2759.0
1889,1501618961,2759.153076171875,2759.153076171875
1890,1501618963,2759.0,2759.153076171875
1891,1501618965,2759.153076171875,2759.153076171875
1892,1501618965,2759.0,2759.153076171875
1893,1501618969,2759.0,2759.152099609375
1894,1501618976,2759.0,2759.0
1895,1501618976,2759.0,2759.152099609375
1896,1501618983,2759.153076171875,2759.153076171875
1897,1501618984,2759.152099609375,2759.153076171875
1898,1501618986,2759.152099609375,2765.597900390625
1899,1501618988,2759.152099609375,2765.596923828125
1900,1501618989,2759.153076171875,2765.596923828125
1901,1501618993,2759.153076171875,2765.595947265625
1902,1501619000,2759.153076171875,2765.594970703125
1903,1501619008,2765.594970703125,2765.594970703125
1904,1501619008,2759.153076171875,2765.594970703125
1905,1501619011,2759.153076171875,2765.5
1906,1501619021,2759.153076171875,2759.153076171875
1907,1501619021,2759.152099609375,2765.4990234375
1908,1501619021,2759.153076171875,2765.4990234375
1909,1501619022,2759.0009765625,2765.4990234375
1910,1501619022,2757.14501953125,2758.0
1911,1501619034,2750.6220703125,2758.0
1912,1501619034,2751.0,2758.0
1913,1501619034,2750.93603515625,2758.0
1914,1501619034,2753.0,2758.0
1915,1501619047,2750.62109375,2758.0
1916,1501619049,2758.0,2758.0
1917,1501619049,2757.14599609375,2758.0
1918,1501619052,2758.0,2758.0
1919,1501619052,2757.14599609375,2758.0
1920,1501619053,2757.14599609375,2757.89990234375
1921,1501619062,2757.14599609375,2757.14599609375
1922,1501619063,2757.14599609375,2757.89990234375
1923,1501619064,2757.14697265625,2757.89990234375
1924,1501619076,2757.89990234375,2757.89990234375
1925,1501619078,2757.14697265625,2757.89990234375
1926,1501619079,2757.14697265625,2758.0
1927,1501619086,2750.0,2757.89892578125
1928,1501619086,2752.0,2758.0
1929,1501619086,2753.865966796875,2758.0
1930,1501619086,2750.0,2758.0
1931,1501619088,2748.089111328125,2757.89892578125
1932,1501619089,2748.0869140625,2757.89892578125
1933,1501619090,2748.090087890625,2757.89892578125
1934,1501619093,2748.090087890625,2757.992919921875
1935,1501619093,2751.10009765625,2757.991943359375
1936,1501619093,2751.10009765625,2755.6220703125
1937,1501619099,2755.6220703125,2755.6220703125
1938,1501619099,2755.6220703125,2757.89794921875
1939,1501619102,2751.10009765625,2757.89794921875
1940,1501619103,2751.10009765625,2755.62109375
1941,1501619105,2751.10009765625,2757.988037109375
1942,1501619105,2751.10009765625,2757.89794921875
1943,1501619107,2751.126953125,2757.988037109375
1944,1501619109,2751.126953125,2757.98388671875
1945,1501619110,2755.62109375,2757.98388671875
1946,1501619112,2751.126953125,2757.98388671875
1947,1501619114,2751.126953125,2758.0
1948,1501619114,2751.126953125,2757.988037109375
1949,1501619115,2751.199951171875,2758.0
1950,1501619115,2757.98388671875,2758.0
1951,1501619116,2757.98388671875,2757.987060546875
1952,1501619118,2751.199951171875,2757.987060546875
1953,1501619119,2751.199951171875,2757.98095703125
1954,1501619122,2751.199951171875,2757.987060546875
1955,1501619123,2757.98095703125,2757.987060546875
1956,1501619127,2751.2109375,2757.98193359375
1957,1501619127,2751.2109375,2757.987060546875
1958,1501619129,2751.2109375,2757.97998046875
1959,1501619132,2751.2109375,2757.98193359375
1960,1501619136,2751.2119140625,2757.98193359375
1961,1501619137,2757.98193359375,2757.98193359375
1962,1501619138,2751.2119140625,2757.98193359375
1963,1501619139,2751.2109375,2757.98095703125
1964,1501619139,2751.2119140625,2757.98095703125
1965,1501619141,2751.39990234375,2757.98095703125
1966,1501619142,2751.2119140625,2757.98095703125
1967,1501619143,2751.300048828125,2757.98095703125
1968,1501619146,2757.98095703125,2757.98095703125
1969,1501619147,2757.98095703125,2758.0
1970,1501619148,2751.300048828125,2758.0
1971,1501619149,2757.98095703125,2758.0
1972,1501619152,2751.301025390625,2758.0
1973,1501619152,2751.300048828125,2758.0
1974,1501619152,2758.0,2758.0
1975,1501619153,2751.301025390625,2758.0
1976,1501619154,2751.31005859375,2757.98095703125
1977,1501619155,2758.0,2758.0
1978,1501619155,2751.31005859375,2757.97998046875
1979,1501619155,2751.31005859375,2758.0
1980,1501619157,2751.31005859375,2757.0
1981,1501619158,2751.31005859375,2757.97998046875
1982,1501619162,2758.0,2758.0
1983,1501619162,2751.31005859375,2758.0
1984,1501619163,2751.31005859375,2758.0
1985,1501619164,2751.31005859375,2757.97900390625
1986,1501619167,2751.31396484375,2757.97900390625
1987,1501619169,2751.320068359375,2757.97900390625
1988,1501619175,2751.320068359375,2757.9951171875
1989,1501619176,2751.3310546875,2757.97802734375
1990,1501619176,2751.320068359375,2757.97802734375
1991,1501619181,2751.3330078125,2757.97802734375
1992,1501619182,2757.97802734375,2757.97802734375
1993,1501619183,2751.3330078125,2757.97802734375
1994,1501619183,2757.97802734375,2757.97802734375
1995,1501619184,2751.3330078125,2757.97705078125
1996,1501619186,2751.3330078125,2757.97802734375
1997,1501619186,2757.9951171875,2758.0
1998,1501619188,2751.3330078125,2758.0
1999,1501619188,2751.3330078125,2751.3330078125
2000,1501619189,2751.3330078125,2758.0
2001,1501619189,2758.0,2758.0
2002,1501619190,2751.3330078125,2758.0
2003,1501619192,2758.0,2758.0
2004,1501619193,2751.3330078125,2758.0
2005,1501619194,2751.360107421875,2757.9990234375
2006,1501619194,2751.360107421875,2758.0
2007,1501619197,2758.0,2758.0
2008,1501619197,2751.360107421875,2758.0
2009,1501619198,2751.360107421875,2758.0
2010,1501619198,2751.360107421875,2751.360107421875
2011,1501619200,2751.360107421875,2758.0
2012,1501619200,2751.360107421875,2751.360107421875
2013,1501619202,2757.9990234375,2758.0
2014,1501619203,2751.360107421875,2758.0
2015,1501619203,2751.360107421875,2757.9990234375
2016,1501619205,2757.97802734375,2757.9990234375
2017,1501619207,2751.360107421875,2757.9990234375
2018,1501619208,2757.97802734375,2757.9990234375
2019,1501619212,2751.360107421875,2754.0
2020,1501619217,2751.300048828125,2754.0
2021,1501619219,2751.300048828125,2753.9990234375
2022,1501619223,2751.300048828125,2753.9970703125
2023,1501619227,2751.300048828125,2753.9970703125
2024,1501619227,2751.300048828125,2751.300048828125
2025,1501619228,2751.300048828125,2753.998046875
2026,1501619228,2751.300048828125,2753.9990234375
2027,1501619228,2751.300048828125,2754.0
2028,1501619239,2754.0,2754.0
2029,1501619239,2751.300048828125,2754.0
2030,1501619243,2754.0,2754.0
2031,1501619244,2751.300048828125,2754.0
2032,1501619245,2751.300048828125,2754.0
2033,1501619245,2754.0,2754.0
2034,1501619247,2751.300048828125,2753.9990234375
2035,1501619255,2751.300048828125,2751.300048828125
2036,1501619257,2751.300048828125,2753.9990234375
2037,1501619257,2753.9990234375,2753.9990234375
2038,1501619259,2751.300048828125,2753.9990234375
2039,1501619260,2751.300048828125,2751.300048828125
2040,1501619262,2751.300048828125,2753.9990234375
2041,1501619262,2751.300048828125,2754.0
2042,1501619268,2751.091064453125,2754.0
2043,1501619272,2753.85888671875,2754.0
2044,1501619274,2754.0,2754.0
2045,1501619276,2754.0,2758.0
2046,1501619281,2759.153076171875,2759.153076171875
2047,1501619285,2759.153076171875,2759.876953125
2048,1501619289,2759.0,2759.876953125
2049,1501619295,2759.0,2759.861083984375
2050,1501649654,2725.801025390625,2735.9990234375
2051,1501649654,2725.801025390625,2729.73095703125
2052,1501649655,2725.800048828125,2729.73095703125
2053,1501649657,2725.800048828125,2729.73193359375
2054,1501649658,2725.39697265625,2729.73193359375
2055,1501649659,2725.5,2729.73193359375
2056,1501649660,2725.800048828125,2729.73193359375
2057,1501649660,2725.800048828125,2729.72998046875
2058,1501649661,2725.801025390625,2729.73193359375
2059,1501649661,2729.73291015625,2736.0
2060,1501649661,2725.801025390625,2736.0
2061,1501649662,2726.864013671875,2736.0
2062,1501649662,2725.801025390625,2736.0
2063,1501649663,2729.73193359375,2736.0
2064,1501649665,2726.864013671875,2736.0
2065,1501649669,2726.864013671875,2729.73193359375
2066,1501649671,2726.864013671875,2736.0
2067,1501649671,2729.740966796875,2736.0
2068,1501649678,2729.741943359375,2736.0
2069,1501649687,2729.739990234375,2735.785888671875
2070,1501649687,2729.741943359375,2735.785888671875
2071,1501649688,2729.741943359375,2735.785888671875
2072,1501649692,2729.742919921875,2735.785888671875
2073,1501649696,2729.741943359375,2735.785888671875
2074,1501649700,2729.741943359375,2729.741943359375
2075,1501649701,2729.741943359375,2735.784912109375
2076,1501649706,2729.741943359375,2735.701904296875
2077,1501649706,2729.743896484375,2735.701904296875
2078,1501649710,2729.7490234375,2735.701904296875
2079,1501649715,2729.7490234375,2735.700927734375
2080,1501649716,2729.75,2735.700927734375
2081,1501649726,2735.700927734375,2735.700927734375
2082,1501649727,2729.75,2735.700927734375
2083,1501649729,2729.75,2736.0
2084,1501649732,2729.7509765625,2735.699951171875
2085,1501649732,2729.75,2735.699951171875
2086,1501649732,2729.7509765625,2735.48291015625
2087,1501649739,2729.7509765625,2735.699951171875
2088,1501649741,2729.778076171875,2735.699951171875
2089,1501649747,2729.778076171875,2735.337890625
2090,1501649747,2729.778076171875,2736.0
2091,1501649748,2729.779052734375,2735.337890625
2092,1501649753,2729.779052734375,2735.3369140625
2093,1501649760,2729.780029296875,2735.3369140625
2094,1501649767,2729.780029296875,2735.593994140625
2095,1501649772,2729.785888671875,2735.593994140625
2096,1501649773,2729.785888671875,2736.0
2097,1501649775,2729.785888671875,2735.593017578125
2098,1501649776,2729.806884765625,2735.593017578125
2099,1501649782,2729.80810546875,2735.593017578125
2100,1501649789,2729.80810546875,2736.0
2101,1501649793,2736.0,2736.0
2102,1501649794,2729.80810546875,2736.0
2103,1501649796,2729.81298828125,2736.0
2104,1501649801,2729.81298828125,2735.240966796875
2105,1501649802,2729.81396484375,2735.240966796875
2106,1501649809,2729.81396484375,2735.97705078125
2107,1501649810,2729.81494140625,2735.97705078125
2108,1501649811,2736.0,2736.0
2109,1501649811,2729.81494140625,2736.0
2110,1501649812,2729.841064453125,2736.0
2111,1501649814,2729.841064453125,2735.97607421875
2112,1501649822,2729.842041015625,2735.97607421875
2113,1501649828,2729.842041015625,2736.0
2114,1501649831,2729.84912109375,2736.0
2115,1501649836,2729.85009765625,2736.0
2116,1501649840,2729.85888671875,2735.9990234375
2117,1501649840,2729.85888671875,2736.0
2118,1501649845,2729.85888671875,2735.01904296875
2119,1501649847,2729.885986328125,2735.01904296875
2120,1501649852,2729.886962890625,2735.01904296875
2121,1501649852,2729.886962890625,2735.9990234375
2122,1501649853,2729.886962890625,2736.0
2123,1501649855,2729.887939453125,2735.31494140625
2124,1501649855,2729.886962890625,2735.31494140625
2125,1501649858,2729.9130859375,2735.31494140625
2126,1501649862,2729.9140625,2735.31494140625
2127,1501649864,2729.9140625,2736.0
2128,1501649865,2729.9140625,2735.31396484375
2129,1501649866,2729.9140625,2735.133056640625
2130,1501649870,2729.9169921875,2735.133056640625
2131,1501649873,2729.9169921875,2735.31396484375
2132,1501649874,2735.133056640625,2735.31396484375
2133,1501649876,2735.133056640625,2735.263916015625
2134,1501649881,2735.134033203125,2735.263916015625
2135,1501649883,2735.159912109375,2735.263916015625
2136,1501649887,2735.159912109375,2736.0
2137,1501649888,2735.159912109375,2735.47998046875
2138,1501649889,2735.159912109375,2735.159912109375
2139,1501649889,2735.159912109375,2735.47998046875
2140,1501649893,2735.159912109375,2735.159912109375
2141,1501649895,2735.159912109375,2735.47900390625
2142,1501649897,2735.159912109375,2736.0
2143,1501649897,2736.0,2736.0
2144,1501649902,2735.159912109375,2735.4970703125
2145,1501649912,2735.159912109375,2735.9990234375
2146,1501649917,2735.159912109375,2735.735107421875
2147,1501649918,2729.929931640625,2735.735107421875
2148,1501649923,2729.929931640625,2735.73388671875
2149,1501649924,2725.801025390625,2735.73388671875
2150,1501649924,2729.0,2735.73388671875
2151,1501649927,2729.930908203125,2735.73388671875
2152,1501649928,2735.73388671875,2735.73388671875
2153,1501649929,2729.93310546875,2735.73388671875
2154,1501649931,2729.93310546875,2735.970947265625
2155,1501649931,2735.970947265625,2735.970947265625
2156,1501649932,2735.73388671875,2735.970947265625
2157,1501649934,2735.970947265625,2735.970947265625
2158,1501649935,2735.73388671875,2735.970947265625
2159,1501649936,2735.73388671875,2735.7958984375
2160,1501649937,2735.159912109375,2735.7958984375
2161,1501649947,2729.93994140625,2735.7958984375
2162,1501649948,2729.93408203125,2735.7958984375
2163,1501649949,2729.93408203125,2735.969970703125
2164,1501649950,2729.93408203125,2729.93994140625
2165,1501649951,2729.93994140625,2729.93994140625
2166,1501649952,2729.93994140625,2735.969970703125
2167,1501649954,2729.93994140625,2736.0
2168,1501649954,2729.944091796875,2736.0
2169,1501649956,2735.7958984375,2736.0
2170,1501649959,2729.944091796875,2736.0
2171,1501649962,2736.0,2736.0
2172,1501649963,2729.945068359375,2736.0
2173,1501649964,2736.0,2736.0
2174,1501649965,2729.945068359375,2736.0
2175,1501649970,2729.945068359375,2735.97900390625
2176,1501649974,2729.945068359375,2729.945068359375
